1838 2720
898 79 932 105 17

78 175 260 216 poterimus,
294 181 365 204 cum
398 171 469 210 ipse
502 171 614 202 nescio
646 178 710 208 quo
743 172 815 203 loco
847 180 885 203 se
917 171 1030 209 aliquid
1066 171 1141 209 “per
1173 171 1317 209 antiquae
1355 170 1501 203 historiae
1534 168 1757 207 ignorantiam‘⁴

79 217 235 256 explicare
267 221 369 252 posse
402 216 505 250 neget.
533 229 563 233 —
589 212 631 243 At
663 212 859 250 interpolator
892 213 982 251 plane
1012 212 1169 244 diversam
1196 212 1278 244 viam
1307 212 1473 251 ingressus
1508 214 1567 243 est.
1612 209 1759 242 Verbosa

72 262 171 296 -atque
200 256 313 288 diffusa
341 254 479 286 oratione
508 253 627 284 tabulas
656 253 999 291 superstitiose-tradit,
1029 262 1100 285 curn
1129 253 1200 285 nihil
1228 254 1269 285 de
1298 253 1416 292 origine
1444 253 1496 284 vel
1524 260 1622 283 causa
1653 259 1758 282 earum

77 301 205 337 quaerat
235 301 287 333 aut
320 296 441 327 fabulae
471 294 566 332 “quid
599 294 714 325 veritas
746 294 877 330 habeat“
906 299 1055 333 opponat.
1108 295 1213 333 Atque
1245 298 1308 326 tres
1342 294 1471 332 quidem
1504 293 1758 331 interpolatorum

77 341 217 372 locorum
246 338 381 372 rationes
411 335 603 368 invenimus:
632 335 829 373 interpolator
857 336 937 367 enim
966 340 1017 368 aut
1042 336 1161 368 fabulas
1190 336 1288 371 refert,
1317 344 1447 374 quarum
1477 335 1505 366 in
1533 333 1648 367 Servio
1676 333 1758 365 nulla

77 382 109 414 fit
131 380 256 417 mentio.
273 383 331 412 ,aut
352 378 472 412 tabulas
495 377 536 409 de
560 376 674 408 iisdem
696 376 755 408 diis
777 377 830 408 vel
855 377 1031 410 hominibus
1060 378 1219 416 rebusque
1247 377 1373 409 traditas
1403 385 1533 416 prorsus
1555 376 1641 408 aliter
1662 379 1757 421 atque

77 423 209 456 Servius
238 424 370 457 enarrat;
400 419 537 457 denique
566 418 686 453 tabulas
705 426 726 456 >a
749 417 862 457 Servio
891 423 1065 451 contractas
1092 423 1185 457 atque
1214 419 1364 451 brevibus
1394 419 1529 457 prolatas
1557 417 1758 456 amplificavit

79 469 109 496 et
131 463 279 498 dilatavit,
306 470 371 500 quo
400 460 520 492 facilius
549 460 806 497 intellegerentur.
852 459 914 491 Res
942 464 1045 492 autem
1072 461 1161 498 ipsae
1191 461 1292 492 multis
1315 460 1483 492 verborum
1511 459 1700 498 ambagibus
1727 462 1758 489 et

80 506 183 542 inepta
205 503 358 533 interdum
384 501 523 532 narrandi
554 500 725 538 prolixitate
754 500 867 531 iisdem
896 501 989 531 rebus
1018 505 1048 534 et
1074 502 1263 538 argumentis
1293 509 1393 538 saepe
1422 501 1560 538 repetitis
1591 500 1757 537 expositae

81 548 161 578 sunt.
204 543 310 582 Atque
333 546 364 574 ut
387 541 637 580 interpolatorem
666 548 716 572 res
739 549 757 571 a
780 539 880 572 Servii
909 541 1056 572 memoria
1083 542 1200 573 alienas
1229 549 1348 573 narrare
1378 544 1490 580 pateat,
1519 541 1559 572 ad
1581 541 1620 571 A.
1644 540 1663 575 Ι,
1686 544 1756 575 430,

82 588 132 619 ubi
162 586 282 618 fabulae
311 584 391 616 nulla
421 584 509 615 datur
535 592 622 619 ansa,
656 582 854 620 interpolator
886 582 1017 614 tabulam
1046 583 1086 614 de
1114 583 1246 616 Melissa
1273 583 1411 615 traditam
1441 583 1577 616 inseruit,
1607 583 1637 614 in
1666 581 1756 614 cuius

78 627 260 659 memoriam
283 634 345 656 non
369 633 455 658 casu.
479 625 539 659 sed
563 625 708 657 consulto
731 624 852 656 videtur
874 624 1033 655 incidisse.
1077 624 1195 655 Etenim
1222 634 1291 655 cum
1317 625 1481 662 Vergilius,
1504 625 1557 661 qui
1580 624 1693 655 nullum
1715 623 1756 654 de

78 669 181 708 apium
205 667 322 706 origine
344 666 397 698 vel
421 665 607 704 proprietate
634 673 815 697 sermonem
845 665 924 700 iecit,
954 665 1025 696 inde
1048 674 1065 696 a
1088 675 1117 696 v.
1140 670 1312 701 430—436,
1335 669 1366 697 ut
1387 664 1552 703 Tyriorum
1574 665 1756 696 industriam

80 711 248 745 illustraret,
271 709 375 746 apium
398 707 532 745 imagine
555 715 633 738 usus
658 711 756 741 esset,
779 706 985 744 interpolator,
1015 707 1066 745 qui
1096 707 1125 738 in
1154 708 1254 745 copiis
1283 707 1350 739 suis
1378 707 1482 745 apium
1499 706 1703 739 mentionem
1727 706 1756 736 in

81 751 234 782 Melissae
257 750 358 781 tabula
381 749 549 782 invenerat,
566 748 769 785 interpolandi
793 748 1019 785 opportunitate
1038 748 1139 779 oblata
1156 749 1306 779 Melissae
1329 749 1461 779 fabulam
1477 747 1591 779 Servio
1614 748 1756 778 obtrusit.

80 789 214 822 Prorsus
239 790 352 821 eadem
375 797 473 820 causa
496 789 699 826 cognoscitur
720 788 748 819 in
774 797 810 819 ea
832 788 942 823 fabula,
966 797 1058 826 quarn
1081 789 1128 819 ille
1150 789 1188 820 ad
1212 789 1250 819 A.
1272 788 1322 823 lV,
1345 793 1414 824 402,
1438 789 1489 819 ubi
1512 789 1633 819 fabulae
1656 789 1756 819 nullus

78 834 170 864 locus
195 836 252 867 est,
277 830 318 863 de
341 830 494 869 Myrmice
519 830 620 868 puella
641 830 737 861 tradit.
782 829 862 861 Dicit
889 830 968 861 enim
991 829 1206 868 Myrmidones
1228 839 1246 861 a
1269 830 1404 861 formicis
1431 834 1519 861 ortos
1543 838 1630 861 esse.
1675 828 1756 860 Cum

77 874 160 912 apud
185 873 340 911 Hyginum
363 872 381 902 i.
405 876 444 903 52
467 872 579 903 eadem
601 872 749 909 legantur,
773 871 971 909 interpolator
998 872 1070 903 Inde
1096 880 1153 903 sua
1176 872 1416 909 deprompsisse
1447 871 1674 906 existimandus
1698 875 1756 902 est.

79 914 192 952 Neque
221 914 291 945 huic
318 913 440 944 fabulae
463 913 570 947 verba,
600 913 714 950 quibus
746 913 813 944 eius
843 913 917 943 ratio
940 913 991 943 vel
1019 921 1115 944 causa
1148 917 1362 950 exponeretur,
1396 913 1595 950 interpolator
1627 912 1755 945 addidit.

78 955 199 986 insulse
227 958 330 985 autern
360 958 390 984 et
418 954 532 984 stolide
562 954 712 984 interdum
745 954 786 984 ab
819 953 1035 991 interpolatore
1068 954 1186 984 fabulas
1215 953 1374 984 Servianis
1402 954 1474 984 addi
1503 953 1552 984 hic
1584 954 1676 984 locus
1707 957 1757 984 est

79 995 180 1028 testis.
224 994 275 1026 Ad
305 993 382 1026 Buc.
406 994 443 1030 V,
474 998 513 1026 48
542 1002 686 1025 versum:
716 993 804 1025 “Nec
833 994 960 1025 calamis
993 995 1094 1026 solum
1122 994 1316 1032 aequiparas,
1349 995 1409 1025 sed
1438 1002 1521 1025 voce
1555 994 1756 1032 magistrum‘·

82 1036 213 1069 Servius
229 1036 315 1068 haee
337 1036 477 1068 adnotat:
502 1036 643 1067 “videtur
665 1036 812 1074 allegoria
834 1036 923 1073 quasi
946 1036 985 1067 ad
1008 1035 1205 1067 Theocritum
1229 1040 1257 1067 et
1280 1035 1446 1073 Vergilium
1474 1036 1671 1074 respicere“;
1696 1040 1755 1067 etc.

79 1078 204 1115 Quibus
231 1078 430 1114 interpolator
459 1077 591 1108 fabulam
619 1077 839 1114 superstitiose
869 1077 909 1107 de
933 1077 1061 1108 Calamo
1090 1082 1235 1107 narratam
1265 1078 1367 1114 inepte
1394 1077 1520 1108 addidit.
1565 1077 1650 1115 Quid
1674 1077 1756 1107 enirn

79 1118 226 1149 Calamus
249 1117 298 1148 hie
321 1117 381 1148 sibi
404 1118 487 1151 velit,
511 1118 601 1155 plane
624 1126 687 1148 non
710 1117 902 1155 perspicitur.
939 1117 1068 1148 Servius
1093 1118 1159 1148 eius
1182 1125 1284 1155 neque
1307 1117 1367 1148 hoc
1390 1125 1492 1154 neque
1515 1118 1577 1148 ullo
1599 1118 1660 1148 alio
1682 1118 1756 1148 loco

79 1159 151 1191 iecit
178 1159 378 1191 mentionem.
421 1159 471 1191 Ac
499 1159 577 1190 tales
606 1159 733 1196 quidem
763 1167 863 1197 nugas
891 1163 984 1197 atque
1012 1159 1142 1197 ineptias
1176 1163 1281 1190 nostro
1310 1157 1423 1190 Servio
1453 1166 1582 1196 prorsus
1611 1158 1756 1197 indignas

82 1208 158 1231 esse
181 1200 376 1231 nostro-iure
399 1200 629 1231 contendimus.
673 1200 794 1231 Eadem
817 1201 891 1231 ratio
915 1200 1071 1237 permultis
1094 1200 1159 1231 aliis
1188 1201 1266 1231 locis
1296 1200 1506 1236 cognoscitur,
1535 1208 1618 1237 quos
1642 1208 1755 1230 omnes

79 1241 262 1278 perlustrare
291 1249 354 1271 non
383 1241 481 1272 modo
514 1242 640 1278 longum
670 1249 777 1271 verum
812 1241 902 1271 etiam
936 1249 1204 1278 supervacaneum
1234 1241 1353 1271 videtur
1382 1248 1467 1275 esse,
1501 1249 1572 1271 cum
1602 1240 1651 1271 illa
1680 1241 1755 1271 ratio

80 1282 213 1313 maxime
244 1282 412 1320 perspicua
440 1282 489 1313 sit.
541 1281 755 1313 Transeamus
792 1282 831 1313 ad
865 1282 988 1313 alteram
1025 1282 1248 1320 interpolatoris
1286 1281 1443 1316 rationem,
1481 1290 1543 1319 qua
1579 1281 1628 1312 ille
1671 1282 1755 1313 idem

78 1326 293 1360 argumentum
325 1323 410 1354 aliter
441 1328 535 1361 atque
565 1322 696 1355 Servius
728 1324 877 1354 tractavit.
920 1323 959 1354 A.
988 1323 1007 1359 l,
1038 1327 1096 1355 720
1125 1322 1254 1354 Servius
1279 1322 1391 1353 Veneri
1416 1322 1616 1353 “Acidaliae“
1640 1331 1756 1354 nornen

80 1364 206 1395 inditum
237 1372 313 1395 esse
347 1364 428 1399 dicit,
460 1365 511 1396 vel
540 1365 612 1402 quia
646 1373 736 1396 curas
770 1373 788 1395 a
815 1364 946 1396 Graecis
975 1364 1069 1395 ἀκιόας
1097 1365 1266 1402 appellatas
1301 1364 1410 1397 iniciat.
1440 1364 1492 1394 vel
1519 1364 1592 1401 quia
1621 1363 1755 1398 Gratiae,

79 1404 193 1435 Veneri
219 1409 361 1436 sacratae
388 1406 419 1436 in
441 1406 585 1437 Acidalio
613 1406 697 1436 fonte
727 1414 843 1443 corpus
869 1406 1002 1437 abluant.
1046 1405 1208 1436 Praeterea
1238 1414 1337 1442 pauca
1365 1405 1405 1436 de
1429 1405 1542 1436 Gratiis
1565 1405 1663 1436 verba
1685 1405 1757 1436 iacit

76 1444 115 1476 ad
139 1444 272 1477 Veneris
295 1454 411 1477 nornen
434 1455 496 1478 non
520 1446 709 1484 pertinentia.
753 1446 952 1485 Interpolator
974 1455 1045 1477 cum
1067 1446 1149 1484 apud
1178 1450 1323 1477 auctores
1346 1454 1425 1477 suos
1449 1446 1535 1483 plura
1556 1446 1598 1476 de
1621 1445 1755 1479 Veneris

77 1486 253 1522 nominibus
288 1491 411 1519 exstare
444 1488 588 1523 vidisset,
622 1488 693 1519 data
726 1488 878 1519 ocasione
905 1488 945 1519 de
974 1488 1118 1519 omnibus
1146 1487 1277 1518 Veneris
1311 1487 1488 1518 nominibus
1522 1487 1693 1525 disputavit
1726 1492 1757 1518 et

77 1527 257 1565 congeriem
288 1536 328 1559 ex
358 1529 570 1567 compluribus
598 1529 732 1560 iortasse
762 1529 940 1560 auctoribus
970 1529 1079 1559 iactam
1108 1528 1267 1559 SewIanis
1297 1528 1439 1559 subiecit.
1482 1528 1588 1565 Atque
1618 1529 1757 1559 animad-

76 1572 190 1603 vertas,
223 1577 356 1606 quaeso,
394 1578 487 1607 quam
521 1570 638 1607 vulgari
675 1578 822 1600 sermone
858 1570 934 1600 inter
969 1578 1005 1600 se
1042 1573 1266 1606 componantur
1302 1577 1459 1606 quamque
1496 1570 1576 1599 male
1613 1570 1756 1607 singulae

76 1609 255 1642 narrationis
289 1614 392 1648 partes
429 1610 506 1642 inter
537 1619 575 1642 se
610 1610 806 1647 cohaereant,
844 1611 957 1642 deinde
990 1614 1122 1649 quantus
1159 1610 1198 1641 sit
1234 1618 1380 1641 numerus
1416 1613 1587 1645 auctorum,
1624 1619 1757 1648 quorum

76 1650 252 1682 testimonia
284 1652 324 1683 ab
355 1652 441 1683 “alii“
465 1653 517 1683 vel
547 1653 693 1690 “quidam
726 1653 865 1684 tradunt“
889 1652 1034 1690 “quidam
1067 1652 1189 1683 dicunt“
1214 1652 1361 1683 “dicitur“
1386 1655 1444 1682 etc.
1472 1652 1588 1683 initium
1621 1652 1756 1690 capiunt.

77 1690 113 1720 lli
147 1691 226 1722 enim
260 1692 415 1730 deinceps
448 1693 620 1724 laudantur:
656 1693 746 1729 [Nam
769 1693 924 1724 Venerem
951 1693 1056 1723 vocari
1090 1693 1235 1729 quidam
1260 1717 1266 1723 .
1290 1716 1297 1722 .
1321 1716 1327 1722 .
1355 1693 1494 1727 dicunt;
1528 1693 1589 1722 alii
1617 1692 1757 1723 Suadam

76 1732 268 1770 appellant
291 1737 364 1770 etc.;
387 1734 520 1765 dicitur
543 1734 633 1765 etiam
651 1733 846 1772 Obsequens
864 1733 972 1765 Venus
996 1737 1068 1770 etc.;
1091 1733 1170 1764 hanc
1190 1733 1267 1764 Itali
1284 1732 1470 1764 Postvotam
1493 1733 1633 1769 dicunt:
1658 1733 1757 1764 dicta

79 1777 135 1808 est
169 1774 276 1806 etiarn
302 1775 466 1813 Equestris
490 1775 609 1811 Venus,
638 1776 737 1807 dicta
765 1780 798 1807 et
824 1775 974 1807 Cloacina
1007 1779 1074 1809 etc..
1102 1775 1236 1806 dicitur
1264 1779 1297 1805 et
1324 1774 1444 1812 Myrica
1478 1778 1537 1805 etc.
1561 1775 1695 1806 dicitur
1724 1780 1758 1806 et

78 1812 200 1845 Salacia
223 1819 292 1851 etc„
309 1817 479 1853 quamvis
501 1817 549 1847 alii
572 1816 651 1847 hanc
667 1816 797 1848 Lubiam
818 1817 943 1847 dicant
965 1820 1039 1852 etc.;
1061 1816 1121 1846 alii
1139 1816 1354 1846 Mimnermam
1378 1820 1408 1846 et
1424 1815 1606 1846 Meminiam
1630 1816 1758 1847 dicunt

77 1858 153 1892 etc.;
177 1860 234 1888 est
257 1861 290 1889 et
306 1857 508 1893 Verticordia‚
526 1862 583 1890 est
606 1862 640 1889 et
655 1857 793 1889 Militaris
811 1857 929 1893 Venus,
947 1861 1004 1889 est
1028 1862 1060 1889 et
1076 1857 1234 1889 Limnesia
1258 1861 1326 1892 etc„
1344 1861 1401 1888 est
1425 1861 1459 1888 et
1475 1856 1585 1889 Venus
1602 1856 1725 1889 Calva.
1751 1883 1757 1888 .

75 1897 162 1942 quod
195 1902 265 1934 etc.,
297 1899 386 1930 licet
418 1900 478 1931 alii
506 1899 637 1931 Calvam
659 1899 815 1931 Venerem
849 1899 939 1937 quasi
973 1908 1079 1937 puram
1112 1899 1267 1934 tradant,
1301 1899 1364 1930 alii
1395 1899 1527 1935 calvam,
1561 1899 1649 1937 quod
1683 1904 1757 1935 etc.;

75 1938 224 1982 quidam
262 1939 392 1971 dicunt
432 1944 491 1971 etc.
529 1944 564 1971 ut
600 1941 752 1977 quidam
784 1941 912 1970 volunt
946 1944 1019 1976 etc.;
1056 1941 1139 1977 apud
1173 1940 1332 1977 Ephesios
1366 1940 1523 1970 Venerem
1557 1941 1757 1971 Automatam

76 1977 272 2018 dixerunt]
317 1979 463 2019 Sequitur
485 1981 587 2012 tabula
609 1981 649 2012 de
672 1980 850 2012 Meliboeae
879 1985 908 2012 et
929 1981 1073 2012 Alexidis
1101 1989 1206 2012 amore
1234 1984 1358 2016 narrata,
1386 1989 1469 2018 quae
1498 1981 1605 2012 rationi
1633 1981 1758 2012 minime

74 2021 314 2065 accommodata
342 2026 399 2053 est.
443 2022 549 2060 Atque
579 2022 721 2053 miramur
738 2021 886 2057 Servium
914 2022 954 2053 de
977 2022 1084 2060 viginti
1107 2022 1239 2053 Veneris
1268 2022 1447 2053 nominibus
1476 2023 1516 2053 ab
1540 2022 1757 2061 interpolatore

74 2059 171 2106 allatis
194 2061 265 2092 nihil
286 2063 398 2094 referre
421 2071 525 2100 neque
548 2064 608 2094 ullo
631 2063 690 2093 alio
714 2063 1004 2094 commentariorum
1027 2064 1100 2094 loco
1123 2064 1290 2101 disputare,
1314 2064 1566 2101 interpolatorem
1589 2068 1692 2094 autem
1717 2064 1757 2094 de

76 2099 254 2147 ‘'Acidalia“
277 2103 402 2140 nomine
426 2112 555 2141 prorsus
577 2107 691 2134 tacere.
736 2102 848 2141 Neque
877 2112 937 2135 nos
965 2104 1040 2142 rugit
1062 2104 1102 2135 de
1126 2112 1296 2141 paucorum
1325 2107 1442 2135 tanturn
1470 2104 1629 2135 nominum
1651 2108 1758 2142 etymo

75 2141 126 2171 vel
147 2143 272 2188 'origine
305 2145 345 2175 ab
372 2144 433 2176 hoc
462 2144 621 2183 disputari,
656 2145 781 2176 duobus
814 2144 930 2176 tantum
963 2146 1139 2176 nominibus
1168 2145 1418 2183 explanationem
1444 2145 1618 2183 longiorem
1645 2145 1757 2176 subici.

76 2180 218 2221 Denique
242 2186 360 2217 “sane“
383 2195 449 2218 vox
475 2186 524 2217 illa
550 2186 777 2224 interpolatoris
806 2187 939 2225 propria,
967 2196 1059 2225 quam
1086 2187 1330 2225 interpolationis
1358 2191 1464 2219 notam
1492 2195 1568 2219 esse
1590 2186 1682 2218 Thilo
1707 2185 1757 2224 (ci.

75 2225 169 2259 praei.
192 2234 222 2262 p.
245 2226 321 2262 XIII)
349 2228 529 2259 iamdudum
558 2227 670 2262 statuit,
697 2227 788 2259 huius
814 2229 875 2259 loci
905 2228 988 2259 initio
1016 2228 1152 2266 praefixa
1179 2232 1237 2259 est.
1281 2229 1310 2259 A
1337 2228 1451 2260 Servio
1479 2229 1538 2259 ista
1564 2229 1639 2260 ratio
1667 2229 1757 2266 plane

73 2263 225 2302 abhorret,
254 2268 306 2305 qui
333 2276 405 2299 cum
434 2269 566 2305 duorum
592 2269 645 2300 vel
677 2268 764 2300 trium
797 2273 959 2301 auctorum
994 2269 1170 2300 testimonia
1205 2269 1288 2300 haud
1321 2269 1360 2300 ita
1393 2278 1460 2300 raro
1494 2273 1673 2307 componat,
1707 2269 1758 2300 ubi

67 2307 254 2353 :Complures
283 2309 420 2345 laudavit
447 2314 604 2346 auctores,
633 2310 743 2342 leviter
764 2314 880 2342 tantum
902 2311 1094 2349 strictimque
1117 2319 1167 2342 res
1190 2311 1297 2349 tetigit.
1342 2310 1478 2349 Saepius
1501 2315 1603 2343 autern
1627 2310 1758 2342 Servius

73 2346 188 2384 aliquid
212 2349 417 2396 ‘fsecundum
432 2352 572 2382 fabulas“
595 2355 702 2387 narrat,
726 2360 797 2383 cum
820 2353 961 2390 singulas
983 2353 1102 2383 fabulas
1125 2353 1214 2390 ipsas
1238 2362 1300 2383 non
1324 2353 1476 2387 exhibeat,
1500 2357 1532 2384 ut
1553 2353 1592 2383 A.
1616 2352 1664 2388 vl,
1692 2357 1757 2383 134.

67 2389 142 2430 288.
164 2393 235 2434 μ580,
263 2391 330 2421 aliis
359 2391 450 2423 locis.
494 2392 647 2430 Interdum
677 2391 822 2423 Servium
851 2393 971 2424 tabulas
995 2393 1123 2424 diversa
1151 2393 1268 2424 ratione
1299 2394 1471 2431 explicatas
1499 2394 1583 2431 apud
1612 2397 1758 2424 auctores

66 2434 235 2466 ¹invenisse
258 2430 305 2463 his
328 2440 492 2471 monemur
507 2433 614 2465 verbis
631 2434 722 2465 “nam
745 2433 786 2465 de
809 2433 857 2465 h1s
881 2434 992 2466 tabulis
1007 2434 1111 2466 variae
1127 2438 1200 2466 sunt
1223 2434 1251 2465 in
1268 2434 1347 2473 ipsis
1363 2434 1543 2466 auctoribus
1560 2434 1757 2473 opiniones⁴‘,
