1838 2720
889 90 923 116 12

62 182 79 214 l.
109 188 132 215 1,
163 187 206 213 10.
236 188 263 213 11
294 191 355 219 ego
380 183 450 220 quia
474 191 536 213 non
561 183 647 214 rediit
671 184 749 215 iilius
773 192 854 222 quae
878 185 1000 222 cogito!
1024 184 1138 221 quibus
1162 191 1242 213 nune
1264 182 1413 213 sollicitor
1436 177 1544 212 rebus!
1569 178 1687 216 (ntun'
1707 155 1751 206 Α

59 246 241 278 :mutnus
263 224 302 273 Α
324 256 391 276 cum
414 248 493 284 reu.)
517 261 564 272 -s-
588 248 621 281 s.
638 250 675 280 A.
693 249 741 283 iv,
767 254 826 282 379
850 258 877 281 e.
893 259 923 288 q.
941 259 1002 281 non
1026 249 1102 280 redit
1125 249 1142 279 r.
1158 257 1189 285 q.
1206 256 1233 279 e.
1251 250 1281 278 et
1302 246 1417 285 quibus
1439 255 1466 278 s.
1483 247 1594 283 rehum
1617 246 1659 282 111,
1682 250 1710 281 ³,
1727 250 1750 276 τ

61 289 119 319 iam
144 288 214 319 hinc
237 289 330 320 scibo
353 289 405 320 ubi
428 289 488 321 siet
511 289 594 325 thinc
617 291 709 322 scibo
734 292 791 322 iarn
816 290 838 321 Β
853 289 875 322 G
891 290 913 322 ΙΙ
929 289 951 322 Ε
966 290 987 321 Ρ
1001 289 1023 321 G
1038 289 1073 326 Ρ)
1095 302 1144 313 -—-
1166 288 1199 320 S.
1214 288 1253 319 A.
1270 288 1289 323 Ι,
1306 293 1324 319 6
1346 287 1416 319 hinc
1439 288 1498 319 iam
1521 287 1628 323 scibo;
1651 286 1693 322 111,
1716 291 1750 322 4,

59 334 98 359 52
127 330 260 360 animam
291 330 462 368 relinquam
493 332 597 368 potius
626 341 719 369 quam
750 332 815 363 illas
845 332 990 363 deseram
1020 331 1111 365 (illam
1134 327 1243 366 800)
1271 341 1320 353 =
1348 327 1381 360 S.
1404 328 1447 374 A..
1465 328 1508 363 111,
1536 333 1592 360 140
1620 337 1647 359 a.
1670 336 1749 374 r3p.

60 380 153 407 quarn
180 371 260 401 illum
278 371 424 402 deseram
449 372 543 406 (illum
566 371 595 408 F,
613 373 691 403 illam
717 372 887 401 Masvicius
904 372 1052 429 primusg:
1075 371 1124 406 lV,
1143 375 1169 407 5,
1187 375 1235 406 31,
1252 374 1291 401 32
1313 369 1387 407 quid
1411 369 1449 400 illi
1470 369 1596 400 tandem
1619 369 1745 400 creditis

59 437 123 466 tore
154 436 246 467 animi
276 437 403 471 misero,
435 437 488 474 qui
519 438 566 468 illa
595 438 763 469 consuevit
798 438 902 476 prior?
930 437 1067 483 (creditis
1090 435 1119 472 F,
1142 444 1222 465 corr.
1244 433 1293 471 ΡΞ,
1317 444 1387 466 cum
1417 435 1465 466 illa
1486 432 1546 466 80
1561 432 1584 465 D
1599 432 1693 465 ΕΓΒ
1708 432 1749 470 Ρ)

59 498 107 508 τε
137 485 169 516 S.
194 486 233 516 A.
257 485 307 521 IV,
337 491 397 518 408
426 496 456 524 q,
481 487 497 517 i.
522 488 646 519 tandem
681 488 785 519 credis
820 488 884 518 tore
913 496 940 518 a.
964 496 1013 522 m.,
1037 479 1089 524 qui
1123 495 1194 517 curn
1224 485 1271 516 illa
1305 494 1332 516 c.
1358 483 1427 522 p.?;
1456 484 1494 520 V,
1524 488 1552 519 9,
1586 488 1625 515 28
1657 483 1744 521 quod

59 526 258 564 prolubium?
282 528 469 565 (proluvium
494 528 516 558 Β
533 526 574 559 02
589 528 610 558 D
626 528 659 565 G)
683 542 730 552 2-
754 528 901 563 S.A.111,
919 533 977 559 217
994 528 1080 566 quod
1098 527 1281 566 proluvium.
1309 543 1339 547 —
1367 525 1492 564 Quodsi
1517 533 1628 557 omnes
1652 525 1744 556 locos

59 569 197 604 legendo
236 569 342 599 iterum
379 569 630 605 percurrerimus,
665 570 748 606 apud
783 570 925 600 Servium
965 570 1113 606 permulta
1150 568 1291 599 lectionis
1324 566 1530 598 Terentianae
1566 566 1743 597 testimonia

58 633 176 671 integra
199 638 293 671 atque
323 642 393 665 cuni
418 633 645 672 Umptenbachi
674 634 871 669 recensione.
901 642 993 672 quam
1023 634 1071 665 ille
1093 643 1111 664 a
1134 633 1246 665 codice
1270 631 1424 664 Bembino
1448 607 1521 669 (Α)
1541 631 1581 662 ita
1604 631 1743 669 pendere

57 676 165 707 voluit.
183 680 214 705 ut
231 675 280 705 ubi
299 676 469 706 dissensus
487 676 515 706 in
532 677 614 707 varia
631 677 766 707 lectione
790 685 851 706 non
869 680 957 707 esset
981 676 1143 710 indicatus,
1160 675 1187 706 is
1209 673 1444 706 accuratissime
1461 676 1744 711 repraesentaretur

58 715 111 744 tei.
137 715 307 752 Umptenb.
333 716 425 752 praei.
451 725 479 752 p.
504 716 564 751 lv).
596 717 797 752 congruentia
828 721 951 746 exstare
982 717 1074 746 nobis
1108 716 1278 753 apparebit.
1333 715 1510 752 Qamquam
1538 723 1600 745 non
1629 715 1743 745 desunt

57 756 240 793 complures
275 756 345 789 loci.
379 756 430 793 qui
466 757 544 787 nulla
574 757 719 787 codicum
750 756 883 787 lectione
914 756 1002 787 innisi
1033 756 1159 793 tultique
1187 765 1206 786 a
1239 755 1425 786 recensione
1454 754 1743 792 Umptenbachiana

55 806 252 835 magnopere
283 797 473 835 discrepent.
525 797 602 829 Nihil
632 798 758 836 quidem
792 806 842 829 me
877 798 978 829 iudice
1012 797 1051 829 ad
1085 806 1149 829 rem
1178 797 1320 829 videntur
1354 796 1506 835 pertinere
1536 796 1553 827 ii
1587 795 1656 829 loci.
1690 795 1742 833 qui

55 839 192 868 vocibus
230 839 361 875 singulis
396 840 594 875 transpositis
629 840 731 870 mutati
766 845 837 870 sunt
870 844 920 869 aut
957 839 1007 870 ubi
1045 839 1153 870 leviter
1186 842 1282 869 errata
1315 837 1596 875 deprehenduntur.
1651 837 1742 875 Quae

54 879 223 915 quominus
248 879 437 909 librariorum·
458 880 592 910 incuriae
616 884 709 916 atque
733 880 950 916 neglegentiae
975 880 1144 910 tribuamus
1168 879 1239 909 nihil
1262 883 1310 910 est
1333 879 1419 916 quod
1442 879 1599 916 impediat.
1637 878 1745 915 Quare

53 920 121 950 illos
140 927 253 950 versus
276 923 326 950 aut
350 928 388 950 ex
405 918 553 950 Terentio
578 920 649 957 ipso
672 924 722 951 aut
747 929 783 950 ex
807 920 935 950 aliorum
959 920 1144 957 scriptorum
1167 919 1251 950 libris
1267 928 1285 950 a
1301 918 1414 950 Servio
1431 919 1639 957 depromptos
1664 926 1740 949 esse

55 965 209 996 putamus.
260 960 427 990 Accedunt
457 961 473 990 ii
504 970 628 994 versus.
659 962 773 998 quibus
803 961 973 991 scribarum
1008 969 1118 992 manus
1147 960 1345 998 apertissima
1379 960 1493 991 menda
1526 960 1668 991 intulisse
1704 968 1743 990 ex

53 1001 292 1037 corruptelarum
329 1006 432 1031 natura
465 1006 638 1038 arguuntur.
674 1006 703 1032 ut
729 1002 863 1038 *primo*
899 1010 954 1038 pro
981 1002 1159 1039 “primum“‚
1186 1001 1295 1038 “poni“
1330 1009 1385 1038 pro
1418 1000 1582 1038 “apponi“.
1609 1001 1739 1031 “restat“

53 1050 108 1078 pro
137 1042 279 1075 *restet“‚
306 1041 468 1079 ‘depone‘
497 1050 551 1079 pro
578 1043 752 1079 “admness
780 1042 853 1072 *nil“
882 1051 937 1079 pro
964 1042 1082 1077 “nihil“,
1110 1042 1302 1073 ‘dominam‘
1331 1050 1385 1079 pro
1412 1041 1605 1076 “dominas“‚
1633 1042 1740 1072 “suurn

51 1083 258 1114 defraudans“
287 1091 341 1120 pro
369 1083 478 1114 ‘suom
502 1083 702 1116 detrudans“.
730 1084 823 1115 ‘nisi‘
852 1092 907 1121 pro
933 1083 1010 1119 *ni·‚
1031 1083 1183 1122 “quaerit“
1212 1091 1267 1121 pro
1293 1082 1469 1121 “quaeret“‚
1495 1082 1738 1114 “decreverunt“

52 1134 107 1161 pro
141 1124 353 1157 ‘'decrerunt·,
387 1125 580 1162 ‘paulisper‘
615 1135 670 1163 pro
697 1126 893 1162 *tantisper“,
920 1125 1156 1162 “praesentem“
1190 1134 1246 1162 pro
1273 1124 1477 1162 “praesenti“,
1505 1124 1656 1155 “sertum“
1685 1132 1745 1162 pro

55 1166 225 1195 ·sentunr“.
252 1167 330 1194 ‘non
356 1166 434 1201 ego*
463 1174 518 1202 pro
545 1169 624 1196 “non
649 1170 762 1203 news.
783 1166 873 1203 ‘quin
897 1166 953 1196 sit“
980 1175 1036 1203 pro
1063 1166 1162 1203 “quae
1185 1166 1255 1199 sit‘,
1282 1165 1358 1196 “nisi
1383 1166 1461 1202 eg0“
1489 1174 1544 1202 pro
1571 1165 1646 1195 “nisi
1671 1165 1741 1195 e0“.

52 1206 88 1236 lis
113 1206 200 1243 igitur
223 1206 301 1236 locis
326 1205 396 1237 nihil
427 1207 535 1237 inesse
566 1207 749 1241 iudicamus.
779 1216 833 1238 cur
864 1215 921 1238 eos
945 1216 962 1237 a
985 1206 1099 1238 Servio
1128 1206 1306 1238 memoriter
1334 1206 1456 1237 adlatos
1485 1214 1561 1237 esse
1585 1209 1740 1243 putemus.

53 1247 184 1278 Prorsus
222 1248 279 1278 alia
318 1252 365 1279 est
403 1257 500 1279 causa
539 1257 645 1280 eorum
684 1249 833 1283 locorum,
871 1257 954 1286 quos
992 1248 1204 1279 contractione
1238 1248 1290 1279 vel
1327 1247 1562 1285 interpolatione
1596 1248 1648 1278 vel
1683 1247 1741 1278 alia

52 1289 263 1318 immutatione
287 1289 480 1325 depravatos
504 1290 691 1326 collegimus
715 1290 766 1320 (ct'.
782 1290 811 1320 A
835 1289 855 1319 lI
879 1290 909 1320 d.
934 1298 960 1319 e.
981 1290 1015 1324 t.;
1039 1289 1064 1320 Β
1088 1289 1109 1320 ll
1132 1299 1159 1320 c.
1177 1290 1206 1320 d.
1225 1291 1264 1322 e.)
1309 1289 1402 1327 Quos
1425 1289 1572 1326 quoniam
1594 1289 1634 1319 ab
1657 1288 1740 1319 omni

52 1329 198 1360 codicum
223 1329 357 1360 lectione
382 1329 465 1360 varia
488 1330 582 1367 long-e
607 1330 757 1361 recedunt
781 1334 809 1361 et
834 1330 1015 1368 plerumque
1039 1330 1176 1368 pluribus
1208 1330 1331 1360 mendis
1354 1329 1501 1364 laborant,
1524 1338 1542 1360 a
1565 1328 1678 1360 Servio
1701 1337 1741 1359 ex

52 1371 200 1401 memoria
231 1371 354 1408 positos
385 1380 461 1402 esse
491 1372 555 1402 veri
587 1377 634 1403 est
664 1372 861 1402 simillimum.
906 1371 989 1409 Quid
1021 1371 1101 1402 enirn
1131 1372 1248 1405 mirum,
1278 1371 1364 1408 quod
1392 1369 1523 1402 Servius
1552 1375 1603 1402 aut
1625 1378 1739 1402 versus

51 1412 210 1444 contraxit.
241 1420 312 1442 cum
347 1421 384 1442 ea
416 1417 531 1443 tantum
565 1413 680 1449 quibus
716 1413 742 1443 ei
777 1421 859 1449 opus
890 1417 953 1443 erat
980 1413 1077 1443 verba
1110 1412 1287 1443 summatim
1315 1412 1459 1450 tetigisse
1492 1412 1570 1443 satis
1603 1412 1740 1447 haberet,

52 1457 81 1483 ut
122 1470 149 1471 j
189 1452 324 1489 exempli
362 1453 457 1489 gratia
497 1470 525 1473 ν-
564 1453 642 1484 illius
677 1462 790 1484 versus
825 1452 901 1483 Eun.
931 1452 961 1487 ll,
993 1457 1019 1487 3.
1049 1457 1098 1484 65.
1125 1457 1163 1484 66
1190 1452 1334 1488 ,Jllumne
1368 1453 1507 1483 obsecro
1541 1452 1739 1483 inhonestum

45 1493 218 1526 hominem.
248 1501 343 1530 quern
374 1498 529 1524 mercatus
561 1494 705 1528 estheri,
735 1502 846 1525 senem
876 1494 1053 1525 mulierem“
1079 1493 1157 1525 haec
1188 1494 1293 1525 omisit
1314 1494 1412 1525 verba
1437 1493 1621 1529 “hominem.
1645 1501 1741 1531 quem

54 1539 209 1565 mercatus
235 1538 283 1565 est
306 1534 386 1565 heri*
415 1536 465 1566 (ct.
490 1534 522 1566 S.
546 1535 584 1566 A.
609 1535 657 1569 Vl.
682 1539 762 1571 497).
787 1544 857 1566 curn
883 1544 919 1566 ea
942 1535 1062 1567 adferre
1086 1534 1187 1567 Servii
1217 1534 1288 1566 nihil
1316 1535 1492 1570 interesset,
1515 1538 1566 1566 aut
1588 1534 1685 1572 quod,
1709 1538 1741 1566 ut

52 1576 201 1606 lectorum
226 1575 303 1606 illius
320 1577 471 1613 temporis
489 1576 569 1607 haud
592 1577 630 1607 ita
648 1577 833 1608 eruditorum
851 1576 1023 1608 commodo
1040 1577 1228 1611 consuleret,
1245 1584 1347 1607 voces
1364 1576 1518 1613 quasdam
1534 1576 1739 1614 interpolavit,

52 1617 133 1647 sicut
156 1616 352 1647 Terentianis
384 1618 440 1647 illis
471 1617 560 1648 «Eun.
585 1618 626 1652 lll,
651 1623 677 1651 5.
702 1620 769 1653 53jlz
796 1619 876 1655 “ego
905 1618 985 1649 limis
1015 1618 1147 1655 specto“
1174 1617 1215 1648 de
1244 1626 1305 1648 suo
1331 1617 1466 1648 “oculis“
1492 1626 1618 1652 vocem,
1643 1616 1740 1648 Plauti

55 1658 81 1687 ni
107 1658 192 1687 fallor
214 1658 412 1695 apertissime
437 1667 565 1693 memor,
589 1659 706 1690 addidit
736 1660 786 1691 (ci.
810 1659 848 1689 A.
872 1658 932 1691 ΧΠ,
961 1660 1039 1694 12οζ),
1062 1663 1113 1690 aut
1136 1659 1273 1696 denique
1295 1658 1381 1696 quod
1411 1658 1440 1689 in
1470 1666 1577 1689 eorum
1599 1658 1737 1690 Terentii

53 1699 217 1729 verborum
248 1699 361 1731 locum.
392 1708 474 1736 quae
504 1700 531 1730 in
562 1700 710 1731 memoria
740 1709 801 1730 non
831 1701 953 1737 penitus
983 1699 1159 1735 haeserunt,
1189 1700 1247 1730 alia
1275 1699 1430 1737 quaedam
1459 1699 1625 1735 substituit,
1655 1707 1737 1737 quae

52 1740 134 1770 idem
158 1740 376 1777 significarent.
402 1745 431 1771 ut
456 1749 510 1778 pro
531 1741 640 1779 “quarn
665 1742 706 1772 ob
730 1742 811 1773 rem‘
832 1741 882 1776 tci.
900 1741 976 1772 l‘lec.
994 1741 1024 1777 ll,
1053 1746 1076 1775 1,
1100 1742 1131 1777 8)
1155 1741 1281 1778 scripsit
1307 1741 1417 1778 “quarn
1440 1740 1482 1771 ob
1506 1740 1652 1771 causam“
1672 1740 1737 1776 (ci.)

52 1781 86 1811 5.
110 1782 147 1811 A.
172 1781 189 1815 l,
219 1786 286 1817 140)
319 1787 347 1812 et
377 1791 432 1819 pro
459 1783 606 1813 “uxorem
630 1783 841 1814 Philumenam
873 1783 1009 1820 pavitare
1039 1783 1150 1814 nescio
1180 1782 1254 1820 quid
1284 1781 1442 1813 dixerunt“
1469 1781 1520 1817 (ci.
1544 1781 1621 1813 Hec.
1644 1781 1686 1817 lll,
1714 1787 1737 1817 1.

53 1828 100 1853 40.
118 1828 170 1858 41)
197 1823 343 1854 “uxorem
367 1828 447 1855 tuam
474 1825 610 1862 pavitare
633 1825 731 1855 aiunt*
758 1825 809 1855 (ct.
827 1824 859 1856 S.
879 1824 915 1855 A.
933 1824 951 1857 l.
973 1825 1034 1860 02).
1071 1823 1172 1856 Servii
1195 1827 1298 1855 autem
1321 1823 1503 1855 memoriam
1526 1832 1588 1854 non
1611 1831 1740 1861 semper

53 1864 154 1894 bonae
190 1864 260 1895 tidei
297 1873 372 1895 esse
408 1874 486 1896 unus
523 1866 720 1903 potissimum
751 1867 841 1896 locus
871 1866 975 1896 testari
1006 1865 1077 1896 mihi
1100 1866 1234 1896 videtur:
1264 1864 1297 1896 S.
1320 1865 1359 1896 A.
1382 1865 1419 1900 X.
1447 1869 1512 1899 133,
1535 1865 1588 1896 ubi
1610 1873 1738 1896 versum

52 1905 272 1936 Terentianum
300 1906 356 1936 “ita
380 1915 429 1937 me
453 1907 483 1937 di
506 1907 627 1938 ament²
655 1907 705 1941 (ct.
730 1906 807 1937 Eun.
830 1906 873 1941 Ill,
897 1911 924 1939 2.
949 1907 1000 1942 21)
1023 1906 1063 1937 ita
1085 1906 1255 1937 immutavit
1280 1906 1337 1937 “ita
1366 1914 1416 1937 me
1440 1906 1471 1937 di
1499 1906 1581 1937 bene
1604 1905 1740 1937 ament“.

52 1946 182 1976 Servius
207 1946 255 1977 hic
280 1948 387 1984 procul
411 1948 507 1978 dubio
532 1947 669 1978 Plautina
694 1956 749 1984 pro
773 1947 969 1978 Terentianis
992 1947 1127 1984 scripsit,
1157 1956 1227 1977 curn
1251 1946 1377 1978 Plautus
1399 1946 1470 1977 huic
1498 1947 1583 1978 dicto
1612 1955 1740 1984 semper

55 1987 172 2017 ‘bene‘
198 1987 301 2020 addat.
326 1987 493 2019 Terentius
516 1997 646 2026 semper
669 1988 815 2019 detrahat.
861 1988 965 2025 ltaque
994 1987 1054 2019 hos
1084 1988 1176 2018 locos
1198 1996 1216 2018 a
1238 1986 1352 2018 Servio
1381 1995 1443 2018 non
1467 1987 1655 2025 exscriptos,
1678 1988 1739 2019 sed

52 2037 90 2059 ex
121 2028 270 2059 memoria
300 2029 425 2067 positos
457 2038 533 2061 esse
563 2030 789 2060 contenderim.
840 2029 952 2067 Neque
982 2037 1059 2059 vero
1090 2029 1180 2060 etiam
1213 2028 1292 2059 haec
1320 2028 1466 2066 quaestio
1494 2032 1558 2060 tota
1586 2028 1740 2066 profligari

52 2074 165 2107 potest.
198 2071 377 2108 priusquam
408 2071 448 2102 de
477 2072 669 2105 auctoribus,
699 2071 813 2109 quibus
842 2070 974 2102 Servius
1003 2079 1081 2102 usus
1113 2074 1170 2106 est.
1201 2070 1346 2102 omnibus
1374 2070 1452 2102 satis
1482 2073 1616 2102 constet.
1660 2069 1739 2102 Nam

54 2113 132 2143 nulla
163 2121 194 2143 re
223 2116 363 2144 vetamur
391 2113 528 2151 cogitare
556 2114 639 2151 apud
667 2118 824 2148 auctores,
854 2121 937 2151 quos
967 2111 1097 2144 Servius
1128 2112 1316 2151 compilavit,
1343 2111 1479 2144 Terentii
1506 2120 1622 2144 versus
1650 2112 1739 2148 tales,

53 2154 163 2190 quales
187 2162 267 2184 nunc
292 2154 320 2184 in
337 2154 438 2185 Servii
464 2155 695 2186 commentariis
719 2155 853 2192 legimus
878 2154 1076 2190 exstitisse.*)
1105 2172 1133 2174 —
1162 2154 1209 2185 Ex
1233 2163 1340 2185 eorum
1362 2155 1502 2185 locorum
1526 2163 1663 2188 numero,
1687 2154 1740 2191 qui

201 2251 220 2279 *Ἰ
239 2250 301 2275 Thil.
321 2251 406 2282 (praei.
426 2253 463 2277 ed.
482 2260 504 2284 p.
524 2252 600 2281 XXX)
621 2253 675 2276 dicit
693 2252 805 2276 Servium
825 2252 936 2283 exempla
954 2253 1041 2284 quibus
1059 2255 1191 2284 praecepta
1210 2260 1254 2277 sua
1272 2251 1477 2276 confirmarentur
1494 2251 1526 2276 ab
1544 2251 1580 2276 eis
1598 2251 1741 2284 plerumque

52 2283 213 2314 scriptoribus
232 2284 348 2315 petivisse
367 2293 468 2316 quorum
489 2285 542 2309 libri
561 2289 609 2310 tum
629 2286 651 2309 in
677 2285 770 2309 scholis
796 2285 844 2317 legi
863 2285 985 2309 solerent:
1010 2293 1025 2310 a
1042 2284 1160 2309 Terentio
1180 2285 1285 2309 Horatio
1304 2284 1405 2309 Lucano
1424 2283 1504 2309 Statio
1524 2283 1635 2309 luvenale
1654 2284 1742 2309 Persio

52 2317 139 2347 poetis,
152 2324 167 2340 a
180 2316 300 2340 Cicerone
319 2321 342 2341 et
358 2317 476 2342 Sallustio
489 2319 659 2350 scriptoribus.
673 2321 771 2350 praeter
789 2326 834 2342 eos
848 2317 948 2343 Ennium
963 2317 1071 2343 Plautum
1085 2317 1223 2343 Lucretium
1237 2317 1351 2343 Ovidium
1370 2325 1414 2342 sae
1432 2317 1469 2342 ius
1487 2325 1502 2341 a
1520 2316 1609 2342 Servio
1628 2317 1741 2343 laudatos

51 2357 115 2374 csse.
146 2349 224 2381 Atque
238 2349 402 2375 Ennianorum
422 2359 535 2376 versuum
555 2352 663 2375 notitiam
683 2351 758 2376 videri
778 2351 946 2383 superioribus
964 2351 1130 2384 grammaticis
1149 2351 1241 2376 deberi.
1271 2350 1395 2375 Plautinas
1422 2350 1509 2376 abulas
1527 2353 1551 2375 et
1570 2349 1740 2376 Lucretianum

51 2390 149 2406 carmen
169 2390 224 2406 num
244 2383 296 2414 ipse
316 2383 416 2414 legisset
435 2384 538 2408 dubitari
557 2392 641 2416 posse.
677 2383 759 2409 Ovidii
778 2385 1012 2416 metamorphoseon
1035 2384 1112 2408 libros
1130 2384 1243 2409 Servium
1266 2384 1358 2416 legisse
1382 2383 1406 2408 et
1423 2383 1453 2408 ad
1477 2383 1573 2408 tabutas
1590 2384 1742 2409 enarrandas

51 2416 200 2443 adhibuisse,
220 2416 263 2439 sed
283 2415 337 2446 ipsa
355 2420 443 2447 poetae
462 2417 538 2441 verba
558 2417 602 2441 nisi
621 2418 706 2448 paucis
725 2417 786 2441 locis
806 2425 853 2441 non
873 2417 1115 2442 commemoravisse.
1147 2416 1234 2442 Parum
1253 2416 1382 2448 diligenter
1398 2419 1478 2441 autern
1496 2417 1520 2441 in
1538 2417 1641 2441 aliorum
1659 2417 1745 2442 verbis

51 2448 178 2472 laudandis
197 2448 309 2472 Servium
329 2452 450 2473 versatum
470 2457 534 2477 esse.
554 2450 642 2481 quippe
661 2451 700 2481 qui
720 2450 788 2474 libris
807 2458 855 2474 non
875 2451 991 2482 inspectis
1009 2457 1084 2481 saepe
1103 2457 1116 2473 e
1135 2450 1253 2474 memoria
1271 2450 1346 2474 citare
1365 2449 1465 2474 soleret.
