1838 2720
915 91 949 117 18

79 187 123 217 ci.
146 186 185 217 A.
210 186 258 221 Vl,
282 191 357 221 616:
388 195 491 223 neque
518 190 622 216 tamen
646 186 748 216 varias
773 186 838 216 illas
870 186 1037 224 opiniones
1067 187 1182 224 ubique
1212 190 1399 217 memoratas
1428 186 1613 217 invenimus.
1658 185 1771 217 Paucis

84 232 199 258 tantum
222 227 301 257 locis
325 226 456 257 Servius
480 227 625 257 diversas
657 227 860 264 complurium
891 231 1051 258 auctorum
1079 228 1251 259 sententias
1281 227 1415 258 exhibet.
1445 226 1483 259 G.
1507 227 1526 258 l.
1550 231 1610 259 378
1639 227 1772 259 fabulam

84 272 214 300 secutus
239 267 388 299 Ovidium
417 272 446 299 et
468 269 636 306 Aesopum
660 272 770 304 narrat;
800 268 860 300 sed
885 278 955 300 cum
981 268 1087 301 Ovidii
1110 270 1184 301 ratio
1208 269 1235 299 ei
1258 269 1431 306 displiceat,
1459 268 1506 300 his
1529 269 1635 300 verbis
1659 268 1772 307 pergit:

88 310 164 341 “sed
188 309 248 340 hoc
272 318 334 339 non
359 314 407 340 est
428 310 522 340 valde
545 314 650 346 aptum
675 314 734 340 etc.
757 310 842 340 unde
865 311 966 347 magis
988 311 1142 347 Aesopus
1171 314 1219 340 est
1246 309 1463 347 sequendus“.
1508 309 1662 340 Videmus
1685 309 1773 347 igitur

84 350 228 381 Servium
252 350 302 380 ubi
327 350 531 387 complurium
554 350 742 388 scriptorum
764 351 936 382 sententias
954 354 1132 389 componat,
1149 350 1219 381 licet
1236 350 1369 387 reliquas
1386 358 1448 380 non
1464 357 1593 387 semper
1607 350 1773 388 improbet,

84 396 187 422 tamen
217 399 307 422 unam
335 391 504 422 alteramve
535 391 677 429 probare,
708 396 739 422 ut
765 391 872 423 lectori
902 401 963 423 non
993 392 1032 423 sit
1055 392 1190 426 dubium,
1220 400 1238 422 a
1260 399 1321 429 qua
1344 395 1429 429 parte
1452 390 1499 422 ille
1522 394 1593 422 stet.
1638 390 1773 423 Fabulas

85 432 266 464 notissImas
290 433 341 463 vel
369 433 428 463 iam
458 437 538 463 ante
560 437 695 464 narratas
719 432 851 464 Servius
880 434 988 471 paucis
1018 438 1131 464 tantum
1161 433 1266 463 iterum
1296 433 1457 470 percurrit:
1487 432 1525 463 ci.
1551 431 1627 463 Buc.
1651 431 1699 467 Vl,
1723 438 1772 463 46.

85 473 157 508 Vlll,
180 478 235 508 47:
259 472 297 503 (j.
319 472 362 505 ΙΙΙ.
390 477 460 508 152;
484 474 521 503 Α.
540 473 577 507 V,
601 478 670 504 241.
700 491 730 494 Α
757 473 823 505 Sed
848 478 877 504 ut
901 475 1066 505 redeamus
1089 474 1128 504 ad
1153 473 1411 511 interpolatorem,
1435 473 1484 503 ille
1506 481 1606 511 saepe
1628 476 1679 504 aut
1702 473 1772 504 data

84 514 258 545 occasione
281 518 332 545 aut
355 514 406 545 ubi
430 513 562 546 Servius
586 519 668 547 tacet
698 515 830 546 tabulam
860 516 968 550 assuit.
997 520 1047 546 aut
1070 515 1109 546 de
1139 515 1250 546 iisdem
1274 514 1441 546 tabularum
1470 514 1660 552 argumentis
1688 514 1774 545 aliter

84 560 178 593 atque
202 554 334 587 Servius
359 555 486 587 disserit
508 555 556 587 his
585 557 768 594 plerumque
799 557 982 594 praemissis
1005 556 1128 587 verbis:
1155 557 1221 587 *est
1250 560 1279 587 et
1307 556 1365 587 alia
1393 556 1511 587 tabula*
1539 554 1588 592 [A.
1612 555 1661 591 IV,
1684 555 1772 592 484];

84 597 122 628 ci.
146 595 199 635 [A.
216 596 259 631 ΙΙΙ,
284 601 359 632 466;
384 596 423 628 G.
444 597 462 631 1.
492 597 551 634 ¹91:
576 597 625 634 [A.
649 597 698 631 lv.
726 602 781 628 127
808 599 927 629 ‘tamen
950 602 1021 629 sunt
1045 598 1133 629 etiam
1157 597 1233 628 aliae
1257 596 1472 635 opiniones'k
1497 596 1545 633 [A.
1562 596 1604 632 ΙΙΙ,
1628 601 1682 628 551
1706 597 1774 628 “est

85 643 114 670 et
142 638 220 669 alius
251 638 373 669 tabulae
401 638 516 674 ordo“;
551 639 589 670 ct'.
613 639 651 670 A.
675 639 717 672 ΙΙΙ.
753 643 821 670 321.
847 638 922 670 ssuc.
946 639 983 673 X,
1012 638 1067 675 18].
1116 639 1206 676 Quae
1230 638 1326 669 verba
1353 638 1437 676 apud
1470 637 1614 669 Servium
1649 646 1772 676 perraro

84 681 235 717 leguntur.
280 678 387 717 Saepe
417 680 616 717 interpolator
638 681 735 711 verba
765 680 812 710 illa
838 680 901 710 “alii
926 680 1047 711 dicunt*
1077 680 1140 710 “alii
1169 679 1305 710 tradunt“
1333 683 1391 710 etc.
1415 679 1638 711 narrationibus
1666 679 1733 710 suis
1756 688 1774 710 a

84 720 246 752 Servianis
269 721 378 751 alienis
404 721 575 758 praemittit.
613 720 759 752 Ceterum
785 721 982 758 interpolator
1005 721 1178 752 constantia
1195 720 1329 758 quadam
1353 720 1409 751 has
1433 728 1535 751 voces
1555 720 1650 751 “sane
1673 720 1795 751 fabula·

84 762 152 793 talis
177 762 242 792 est“
269 762 321 792 vel
344 761 468 792 omisso
495 762 608 793 “sane“
638 762 756 793 “tabula
784 762 850 792 talis
876 763 940 792 est*
969 762 1138 799 praemittit.
1168 779 1196 781 —
1224 761 1422 798 interpolator
1443 761 1515 792 licet
1537 761 1773 792 diversissimas

85 811 137 833 res
159 806 253 839 atque
276 802 450 833 sententias
475 803 639 839 protulerit,
664 803 744 833 haud
769 803 838 833 scio
860 811 898 832 an
923 811 1057 840 unquam
1073 802 1146 839 quid
1172 802 1242 839 ipse
1258 802 1370 833 sentiat
1392 802 1515 833 indicat.
1551 801 1656 839 Atque
1680 810 1773 839 quam

85 843 307 881 superstitiose
332 843 531 880 interpolator
547 843 665 874 fabulas
690 848 787 874 narret
812 847 839 873 et
859 852 951 880 quam
976 852 1036 874 non
1053 843 1093 874 de
1118 851 1220 873 earum
1245 842 1362 880 origine
1379 843 1430 873 vel
1453 842 1621 874 rationibus
1637 847 1773 880 quaerat,

87 884 242 922 exemplis
266 884 340 914 intra
362 884 460 915 allatis
484 885 780 915 demonstrabimus.
808 884 845 914 A.
870 883 910 917 ΙΙΙ,
935 888 988 915 321
1018 884 1197 921 Polyxenae
1222 884 1321 914 tabula
1344 888 1373 914 et
1395 893 1413 914 a
1435 882 1548 914 Servio
1572 887 1601 914 et
1622 884 1662 914 ab
1685 884 1775 914 inter-

87 926 227 963 polatore
251 925 299 956 sic
323 928 473 957 narratur:

417 974 559 1006 Servius.
1278 974 1485 1011 interpolator.

147 1031 288 1063 Achilles
306 1032 379 1062 dum
404 1032 485 1062 circa
510 1041 615 1063 muros
632 1031 745 1062 Troiae
770 1032 880 1062 bellum

83 1078 216 1111 gereret,
262 1072 456 1111 Polyxenam
505 1073 606 1104 visam
654 1073 808 1105 adamavit
853 1079 881 1104 et

86 1115 268 1147 conditione
289 1115 377 1152 pacis
402 1116 429 1146 in
455 1115 679 1146 matrimonium
705 1116 880 1152 postulavit.

85 1156 189 1194 Quam
233 1165 304 1186 cum
342 1155 468 1186 Troiani
508 1156 613 1187 fraude
653 1156 880 1193 promisissent.

85 1197 171 1228 Paris
196 1201 270 1235 post
293 1196 484 1235 Thymbraei
505 1197 660 1235 Apollinis
684 1197 880 1228 simulacrum

86 1239 168 1270 latuit
210 1243 239 1269 et
276 1239 456 1269 venientem
494 1238 646 1269 Achillem
690 1239 729 1269 ad
768 1239 880 1269 foedus

86 1280 185 1311 missa
223 1280 396 1310 vulneravit
440 1280 561 1316 sagitta.
624 1279 704 1309 Tum
743 1279 880 1310 Achilles

85 1321 223 1352 moriens
259 1320 352 1359 petiit.
388 1325 418 1351 ut
452 1320 578 1351 devicta
612 1319 706 1350 Troia
739 1320 777 1351 ad
814 1320 880 1351 eius

84 1363 265 1400 sepulcrum
292 1361 453 1400 Polyxena
477 1362 692 1392 immolaretur.

1045 1030 1124 1062 Cum
1150 1031 1263 1062 Graeci
1286 1031 1424 1062 victores
1454 1031 1483 1062 in
1510 1031 1636 1069 patriam
1659 1032 1775 1063 vellent

984 1073 1103 1107 reverti,
1128 1081 1165 1104 ex
1182 1073 1298 1105 tumulo
1314 1072 1444 1104 Achillis
1460 1081 1525 1104 vox
1542 1073 1651 1105 dicitur
1671 1073 1775 1105 audita

982 1115 1150 1151 querentis,
1179 1115 1268 1152 quod
1300 1115 1359 1146 sibi
1389 1115 1450 1145 soli
1479 1115 1520 1146 de
1554 1115 1672 1152 praeda
1704 1115 1774 1146 nihil

983 1156 1235 1193 impertivissent.
1252 1155 1292 1186 de
1316 1164 1377 1193 qua
1401 1164 1431 1186 re
1455 1156 1618 1187 consultus
1639 1155 1774 1187 Calchas

983 1197 1095 1227 cecinit
1113 1196 1312 1234 Polyxenam.
1328 1196 1437 1228 Priami
1455 1197 1555 1232 filiam,
1571 1205 1665 1235 quam
1679 1197 1775 1229 vivus

983 1238 1121 1269 Achilles
1159 1238 1316 1273 dilexerat,
1361 1238 1429 1269 eius
1469 1238 1587 1269 debere
1631 1238 1774 1270 manibus

983 1280 1146 1314 immolari;
1170 1287 1251 1316 quae
1275 1288 1346 1309 cum
1362 1279 1490 1310 admota
1510 1279 1628 1310 tumulo
1644 1279 1774 1310 Achillis

983 1320 1159 1352 occidenda
1190 1324 1288 1355 esset,
1312 1329 1403 1351 manu
1426 1319 1530 1358 Pyrrhi
1553 1320 1776 1358 aequanimiter

984 1366 1112 1392 mortem
1136 1362 1244 1393 dicitur
1266 1362 1457 1399 suscepisse
1482 1366 1540 1393 etc.

235 1419 441 1456 Quantopere
482 1419 539 1449 hae
579 1419 768 1449 narrationes
808 1419 882 1449 inter
922 1427 958 1449 se
996 1420 1176 1456 discrepent
1211 1419 1406 1449 manifestum
1441 1422 1499 1450 est.
1557 1418 1590 1450 Si
1624 1419 1653 1450 id
1688 1419 1775 1457 quod

84 1461 124 1491 de
163 1460 293 1491 Achillis
338 1468 445 1490 amore
491 1464 624 1490 narratur
667 1460 842 1496 exceperis,
885 1460 924 1490 ab
969 1464 1098 1497 utroque
1142 1460 1231 1497 plane
1275 1460 1402 1491 diversa
1447 1460 1562 1497 prolata
1606 1468 1683 1491 esse
1722 1460 1775 1491 tibi

84 1501 305 1540 persuadebis.
350 1500 443 1538 Quae
467 1500 599 1532 Servius
630 1503 731 1531 narrat
748 1500 909 1535 Achillem,
940 1505 969 1531 ut
1001 1500 1351 1539 Polyxenarn,ioedere
1381 1501 1463 1532 facto
1493 1501 1522 1531 in
1551 1501 1775 1532 matrimonium

83 1543 251 1581 acciperet.
282 1551 354 1573 cum
381 1542 421 1573 ad
445 1542 602 1580 Apollinis
633 1542 830 1573 simulacrum
860 1542 1011 1578 venisset,
1046 1542 1262 1580 interemptum
1298 1550 1384 1577 esse,
1420 1550 1457 1573 ea
1489 1542 1529 1573 ab
1556 1542 1775 1581 interpolatore

83 1585 205 1615 omissa
227 1589 308 1615 sunt.
354 1584 460 1621 Atque
483 1583 726 1617 animadvertas,
750 1592 881 1621 quaeso,
906 1582 1006 1615 Servii
1035 1584 1239 1615 narrationem
1269 1592 1331 1614 non
1358 1583 1523 1615 abhorrere
1546 1593 1564 1615 a
1586 1584 1677 1616 simili
1699 1584 1775 1619 veri,

84 1626 312 1664 interpolatoris
335 1630 440 1657 autem
465 1625 669 1656 narrationem
694 1625 849 1656 excedere
874 1634 936 1656 rem
961 1630 1053 1663 atque
1078 1625 1216 1657 modum.
1254 1625 1359 1664 Quare
1381 1625 1484 1657 tacere
1507 1634 1569 1657 non
1591 1634 1775 1664 possumus,

83 1668 156 1705 quin
186 1672 347 1705 utramque
382 1667 505 1698 tabulae
535 1667 739 1697 narrationem
767 1667 806 1697 ab
837 1667 948 1698 eadem
978 1675 1069 1698 manu
1098 1667 1246 1704 scriptam
1276 1675 1352 1698 esse
1381 1675 1546 1704 negemus.
1571 1683 1608 1687 —-
1632 1666 1775 1705 Denique

84 1717 153 1740 eam
176 1708 404 1746 interpolatoris
429 1708 580 1739 rationem
604 1715 898 1741 commemoramus.
924 1716 985 1745 qua
1009 1707 1170 1739 Servianis
1193 1716 1252 1739 sua
1274 1716 1333 1739 nec
1363 1707 1521 1745 praemisit
1549 1716 1609 1739 nec
1632 1708 1775 1741 subiecit.

83 1750 143 1781 sed
177 1749 319 1781 Serviani
352 1749 510 1780 sermonis
544 1749 642 1780 tenori
677 1748 850 1779 immiscuit.
901 1749 1005 1787 Atque
1040 1749 1290 1786 interpolatorem
1318 1748 1446 1787 quidem
1475 1757 1575 1787 saepe
1608 1749 1776 1781 artificiose

85 1792 194 1829 egisse
224 1800 286 1822 non
316 1791 486 1824 infitiamur.
521 1799 593 1822 cum
616 1790 713 1821 verba
741 1790 807 1821 eius
835 1790 1026 1828 saepissime
1061 1790 1101 1821 ita
1128 1790 1189 1821 sint
1222 1793 1411 1828 comparata,
1438 1794 1469 1821 ut
1494 1790 1724 1828 supplementis
1747 1794 1777 1822 et

84 1833 215 1864 omissis
240 1837 270 1863 et
291 1833 424 1863 adiectis
448 1833 561 1870 plenus
591 1831 738 1862 et’t’iciatur
764 1839 891 1862 sensus.
936 1831 966 1862 ld
997 1836 1100 1862 autem
1130 1832 1329 1868 interpolator
1354 1831 1503 1869 imprimis
1527 1839 1657 1870 operam
1680 1832 1775 1866 dedit,

85 1878 115 1905 ut
144 1873 246 1905 Servii
276 1881 457 1905 sermonem
488 1872 691 1911 amplificaret
720 1873 769 1902 vel
798 1871 941 1903 Servium
975 1873 1079 1910 ipsum
1110 1872 1287 1910 explicaret.
1332 1871 1487 1910 Exemplo
1516 1872 1556 1904 sit
1577 1872 1616 1903 A.
1639 1872 1682 1908 ΙΙΙ,
1709 1877 1775 1907 113,

83 1915 135 1946 ubi
169 1915 209 1946 de
236 1915 380 1946 Atalante
415 1914 493 1946 haec
528 1914 630 1945 tabula
663 1913 800 1944 traditur:
831 1912 1017 1945 “Schoenos
1052 1913 1162 1945 civitas
1193 1917 1255 1945 est.
1284 1913 1397 1945 exinde
1430 1913 1483 1944 iuit
1510 1913 1600 1952 virgo
1622 1913 1775 1949 Atalante,

85 1955 256 1993 [Schoenei
281 1955 361 1992 iiliaL
387 1960 578 1994 praepotens
602 1963 706 1987 cursu.
736 1955 828 1989 adeo,
862 1959 900 1990 ut,
931 1954 1013 1991 [cum
1041 1963 1232 1992 responsum
1255 1954 1447 1992 accepisset,
1476 1963 1515 1986 se
1542 1958 1616 1993 post
1642 1954 1775 1993 nuptias,

83 2002 115 2028 ut
137 1997 264 2035 quidam
287 1997 404 2031 volunt,
434 1997 630 2031 interituram,
655 2000 685 2027 ut
714 1995 839 2032 quidam
869 2004 955 2030 vero,
985 1996 1014 2027 in
1043 2000 1180 2027 naturam
1210 1996 1299 2027 aliam
1327 1994 1601 2032 commutandam]
1630 2003 1775 2034 sponsos

84 2042 278 2077 provocatos
312 2047 350 2070 ac
384 2038 488 2070 victos
524 2038 696 2070 occideret.
724 2040 838 2074 postea
871 2036 1088 2076 llippomenes
1112 2037 1269 2069 Venerem
1302 2041 1334 2069 ut
1365 2037 1427 2069 sibi
1460 2036 1499 2074 [in
1529 2045 1568 2069 eo
1596 2037 1775 2075 certamine]

83 2080 216 2112 adesset
246 2081 381 2119 rogavit:
411 2089 429 2111 a
447 2090 514 2119 -qua
544 2089 615 2112 cum
644 2078 829 2117 accepisset
855 2079 895 2110 de
924 2079 1013 2111 horto
1036 2079 1246 2118 Hesperidum
1276 2079 1330 2111 tria
1357 2079 1437 2111 mala
1463 2088 1566 2116 aurea,
1590 2080 1777 2119 provocavit

84 2122 217 2159 puellam
244 2122 285 2153 ad
309 2130 435 2153 cursum
460 2127 489 2153 et
513 2122 595 2158 {cum
618 2130 656 2152 se
680 2121 801 2152 videret
824 2129 925 2157 posse
947 2121 1108 2159 superari,]
1131 2121 1254 2159 singula
1276 2121 1382 2159 coepit
1403 2121 1517 2153 iacere.
1535 2124 1608 2153 tunc
1623 2121 1776 2155 Atalante,

84 2163 253 2200 cupiditate
277 2163 526 2200 colligendorum
556 2163 707 2194 malorum
731 2164 857 2195 retenta,
880 2165 1026 2199 superata
1055 2166 1113 2193 est.
1157 2160 1224 2194 Sed
1248 2161 1467 2200 llippomenes
1497 2161 1614 2200 potitus
1636 2161 1775 2195 victoria.

76 2203 168 2240 ‘lcum
192 2204 322 2242 gratiam
346 2203 461 2235 Veneri
485 2205 537 2236 vel
560 2204 676 2236 oblitus
701 2205 800 2238 esset,
823 2202 875 2233 vel
898 2203 1093 2241 neglexisset
1115 2203 1238 2240 reterre,
1266 2203 1392 2242 inpulsu
1414 2202 1494 2241 eius]
1517 2203 1547 2235 in
1572 2203 1645 2235 luco
1672 2202 1776 2235 matrIs

83 2245 178 2277 deum
200 2246 316 2278 amoris
339 2245 517 2284 inpatientia
537 2255 608 2278 eum
624 2246 709 2278 victa
725 2244 895 2276 concubuit
918 2245 994 2276 etc.“
1032 2244 1149 2277 Fabula
1163 2245 1318 2277 simillima
1333 2249 1383 2277 est
1404 2249 1530 2278 nostrae
1546 2245 1678 2281 fabulae,
1694 2253 1777 2283 quae

82 2287 125 2318 de
139 2285 305 2318 Brunhilda
321 2291 464 2318 narratur.
494 2287 612 2325 Magna
628 2288 705 2318 inter
720 2290 882 2323 utramque
899 2285 1020 2316 tabulae
1037 2287 1241 2318 narrationem
1257 2287 1468 2324 discrepantia
1482 2287 1556 2318 inde
1572 2286 1673 2322 oritur,
1689 2285 1775 2323 quod

81 2327 226 2359 Atalante
249 2326 364 2360 Servio
387 2332 469 2360 teste
493 2328 653 2361 ferocitate
677 2327 815 2367 quadam
838 2330 923 2358 mota
943 2330 1037 2365 atque
1060 2327 1174 2359 robore
1203 2327 1287 2364 treta,
1316 2327 1536 2367 interpolatore
1562 2330 1667 2359 autem
1694 2329 1776 2359 teste

82 2369 200 2402 oraculi
232 2378 393 2409 responso
428 2379 468 2402 ex
494 2370 609 2409 nuptiis
641 2374 774 2403 mortem
803 2369 932 2401 futuram
960 2374 1091 2402 canente
1125 2370 1248 2402 incitata
1281 2378 1399 2409 procos
1425 2373 1621 2409 provocatos
1651 2369 1776 2402 occidit.

82 2411 210 2443 Oraculi
234 2420 425 2449 responsum
448 2412 581 2444 Servius
605 2421 668 2443 non
691 2415 928 2443 commemorat.
971 2410 1062 2448 Quae
1084 2411 1284 2449 interpolator
1306 2411 1438 2443 obtrusit
1460 2411 1501 2448 [in
1524 2419 1565 2442 eo
1587 2411 1776 2447 certaminel,

82 2460 120 2483 ea
141 2452 212 2483 sine
235 2459 354 2483 sensus
378 2452 583 2484 incommodo
607 2452 702 2484 omitti
727 2454 872 2490 possunt.
914 2450 982 2482 Nec
1006 2451 1087 2483 bene
1111 2451 1311 2490 interpolator
1332 2451 1467 2484 addidit:
1490 2451 1573 2489 [cum
1595 2459 1634 2483 se
1656 2451 1778 2483 videret
