1838 2720
75 232 194 269 polator
216 239 319 268 aeque
342 240 380 262 ac
403 230 546 266 Servius,
570 232 621 263 ubi
644 231 780 263 Terentii
805 240 918 263 versus
943 232 970 262 ei
998 239 1060 261 non
1087 231 1193 267 integri
1223 231 1469 268 suppetiverunt,
1499 231 1528 261 in
1557 230 1758 268 genuinarum

75 273 284 303 elocutionum
301 272 405 303 vicem
429 273 540 304 similia
561 274 613 304 vel
636 273 719 304 idem
742 273 946 311 significantia
968 276 1018 303 aut
1041 271 1183 302 sonantia
1200 271 1313 308 posuit.
1337 274 1367 302 ut
1389 271 1427 303 ad
1444 271 1483 303 A.
1500 271 1518 306 l,
1535 276 1554 303 6
1571 271 1758 302 “incedere“

75 322 130 350 pro
154 313 236 344 “ire“
259 313 310 347 (61.
333 313 470 351 Adelph.
494 313 536 346 111,
561 318 588 348 3,
613 319 658 349 7);
681 314 720 345 ad
743 314 781 344 A.
806 314 847 346 ΙΙΙ,
872 318 899 348 2,
927 318 960 344 17
985 312 1198 350 “proluvium“
1223 320 1278 349 pro
1303 312 1516 349 “prolubium“
1540 313 1592 347 (cf.
1608 311 1680 343 Ter.
1696 311 1759 342 Ad.

75 354 110 389 V,
128 360 155 388 ί),
180 355 246 390 28);
270 354 343 385 ibid.
361 355 463 392 “quae
486 354 565 386 haec
589 360 638 386 est
660 355 781 386 subita“
807 364 862 392 pro
886 356 987 392 “quae
1011 354 1109 384 istaec
1132 353 1298 387 subitast“;
1321 352 1361 383 ad
1384 352 1422 383 A.
1439 352 1457 387 Ι,
1479 352 1758 384 548“118118116115“

74 404 129 433 pro
159 395 377 427 '‘benedictis“
408 396 459 431 (61.
483 395 556 427 Τ81.
580 396 703 428 Ρ1101111.
732 396 807 434 prol.
834 399 894 428 20).
925 413 953 415 —
981 394 1163 432 interpolata
1191 392 1328 425 Terentii
1356 394 1542 428 testimonia,
1575 398 1607 425 ut
1636 394 1696 426 1106
1730 394 1759 425 111

73 442 254 469 1131156111511
283 437 396 471 dicam,
427 446 489 468 non
518 442 579 469 tam
614 438 715 469 multis
744 437 958 475 gravibusque
988 436 1110 467 mendis
1140 444 1233 473 quarn
1262 434 1413 466 Serviana
1446 435 1599 470 laborant:
1633 435 1760 473 plurima

75 479 156 510 enim
190 479 230 510 ad
265 479 454 510 librariorum
488 480 669 511 socordiam
699 479 878 510 revocanda
913 486 988 509 esse
1023 485 1116 509 nemo
1151 485 1211 507 non
1240 476 1333 508 videt.
1389 476 1602 515 Quamobrem
1638 485 1758 515 paucos

74 524 189 551 tantum
212 528 328 551 versus
351 521 391 551 ab
415 521 633 558 interpolatore
657 529 695 551 ex
720 520 868 551 memoria
890 519 1026 556 scriptos
1051 527 1127 550 esse
1151 518 1361 549 indicaverim.
1407 518 1633 556 lnterpolatoris
1656 523 1757 549 autem

74 562 126 592 vel
150 561 403 598 interpolatorum
427 570 524 593 causa
541 570 633 599 quam
658 561 773 592 iniirma
788 566 881 598 atque
905 560 1019 591 incerta
1035 560 1083 594 sit,
1107 560 1262 590 neminem
1283 559 1366 597 rugit.
1390 560 1441 596 qui
1464 560 1556 590 locos
1573 560 1601 590 in
1617 559 1758 590 Thilonis

76 602 212 633 editione
247 602 352 633 litteris
388 603 538 633 inclinatis
573 603 749 640 impressos
781 601 915 632 diversis
950 601 1143 631 diversarum
1176 604 1309 631 aetatum
1342 600 1521 631 auctoribus
1555 601 1663 632 deberi
1696 609 1758 631 non

75 645 204 681 ignorat.
233 661 263 664 —
293 642 436 681 Denique
468 648 497 675 et
519 653 536 674 a
559 642 671 675 Servio
700 647 728 674 et
754 643 793 674 ab
822 643 1038 680 interpolatore
1069 650 1127 672 eos
1152 650 1265 672 versus
1294 641 1528 672 accuratissime
1551 642 1591 673 ad
1615 642 1759 673 librorum

75 685 170 715 iidem
195 685 339 715 laudatos
365 694 440 716 esse
464 685 785 719 commemoraverim,
808 684 860 721 qui
883 684 1093 721 compluriens
1122 683 1150 713 in
1179 683 1390 714 testimonium
1412 687 1570 717 vocantur,
1596 686 1626 714 ut
1648 683 1766 714 Andr.·

76 725 105 760 ll,
129 731 157 759 4,
181 730 199 755 3
224 738 259 747 =
285 725 317 756 S.
342 726 380 755 A.
405 725 441 759 V,
466 730 535 756 613.
559 725 607 759 xl,
631 729 705 759 545:
728 725 823 755 Andr.
848 724 876 758 11,
901 729 927 756 5,
956 729 990 754 18
1014 737 1049 747 =
1075 724 1107 755 S.
1125 725 1163 754 A.
1179 724 1210 757 ΙΙ,
1239 728 1288 758 12:
1312 724 1350 754 G.
1375 724 1423 757 Ν,
1452 728 1520 759 127;
1544 725 1640 755 Andr.
1664 724 1706 757 ΙΙΙ,
1735 730 1758 759 1,

79 771 113 798 15
140 780 175 789 =
200 765 233 798 S.
250 766 289 797 A.
313 765 332 801 1,
357 771 384 797 8.
408 771 483 802 601:
506 765 555 799 ΧΙ,
580 769 652 801 532;
678 764 752 796 Buc.
777 764 825 798 Ν,
854 770 904 800 10;
927 765 1022 795 Andr.
1040 764 1082 799 111,
1106 769 1133 796 3.
1163 769 1169 794 1
1200 778 1235 787 =
1260 764 1293 795 S.
1309 765 1347 794 A.
1371 764 1400 798 ΙΙ,
1425 769 1458 800 3;
1482 764 1542 798 ΧΙΙ,
1566 769 1639 799 584:
1661 765 1759 795 Andr.

75 808 125 842 Ν,
150 812 176 843 2,
205 812 249 838 13.
279 813 312 838 14
338 821 372 830 =
397 807 430 838 S.
447 808 485 838 A.
503 807 544 841 ΙΙΙ,
568 812 640 841 493:
667 807 702 840 V.
726 812 780 841 80:
803 806 852 841 xl,
875 811 929 841 97:
952 806 1049 837 Andr.
1073 805 1109 840 V,
1134 810 1160 839 2.
1189 811 1223 837 16
1248 819 1283 829 =
1308 805 1340 837 S.
1357 806 1395 837 A.
1418 805 1455 841 Χ,
1479 810 1553 840 612:
1576 805 1615 837 (i.
1638 805 1681 840 111,
1705 810 1758 841 37;

75 849 172 879 Andr.
196 848 233 883 V,
257 854 284 883 4,
307 853 346 879 30
373 862 407 871 =
432 848 465 879 S.
489 849 526 878 A.
550 848 610 883 ΧΙΙ,
634 853 702 879 618.
731 865 760 867 -
787 847 870 878 Eun.
895 847 913 881 1,
943 853 964 880 l.
990 847 1000 878 ’1
1032 861 1067 870 --
1093 847 1125 878 S.
1149 848 1187 878 A.
1212 847 1229 880 1,
1254 852 1326 881 534ς
1351 847 1422 881 vul,
1447 852 1520 883 7813
1549 847 1624 878 Eun.
1649 847 1667 881 1,
1696 853 1718 881 1,
1740 852 1758 878 3

78 904 120 924 =‚
138 889 171 921 S.
190 888 266 920 ssuc.
291 888 332 925 lll,
361 894 430 924 106;
453 889 491 920 Α.
509 889 538 923 ll,
567 893 634 924 155:
660 888 734 919 lirin.
759 888 775 923 l,
800 892 827 922 2,
856 892 909 919 124
935 901 969 911 ==
995 888 1027 919 S.
1051 887 1090 918 (1.
1114 888 1132 921 l.
1157 892 1229 921 287:
1253 888 1291 918 A.
1315 888 1333 921 1,
1358 893 1430 923 567;
1455 888 1503 922 Ν,
1527 893 1580 922 96:
1605 888 1665 922 Vll,
1689 892 1758 919 427.

77 930 173 967 {629];
197 930 273 961 Eun.
297 930 329 965 11,
353 935 380 965 3,
404 935 442 961 37
467 944 502 953 =
521 930 553 961 S.
571 930 608 960 A.
630 930 647 963 l.
670 934 739 961 436.
762 929 800 960 G.
818 929 865 963 Ν,
894 934 962 963 104;
988 929 1063 960 Ε1111.
1088 928 1136 963 Ν,
1160 933 1187 963 ³,
1217 934 1245 960 11
1275 942 1310 952 --
1335 928 1368 960 S.
1385 929 1423 959 A.
1441 928 1470 965 [l.
1496 927 1583 967 573];
1608 929 1648 966 [11.
1673 929 1758 966 4821;

76 972 112 1007 Χ,
137 976 210 1007 529;
245 970 319 1009 [Χ11,
343 969 427 1009 453].
456 989 485 992 -
514 971 652 1002 Ρ1101111.
676 971 706 1004 ll,
736 975 762 1005 2,
791 976 808 1001 4
834 984 868 994 =
895 969 941 1008 [S.
965 971 1002 1001 A.
1027 970 1056 1003 ll,
1081 974 1155 1005 234;
1190 970 1238 1003 ΧΙ,
1262 970 1342 1006 4861.
1372 987 1401 990 —
1429 970 1591 1008 Adelph.
1615 970 1645 1004 11,
1676 977 1697 1004 1,
1720 975 1759 1001 42

78 1027 113 1036 =
139 1012 172 1044 S.
195 1013 234 1043 A.
259 1012 308 1047 Ν,
332 1017 405 1048 59ο;
429 1012 488 1045 vll.
512 1018 566 1047 49:
590 1012 628 1043 (i.
652 1012 700 1045 Ν,
724 1017 793 1043 460.

224 1053 424 1091 Reliquorum
448 1054 631 1092 scriptorum
656 1053 833 1084 memoriam
857 1053 939 1091 apud
964 1052 1107 1084 Servium
1131 1058 1286 1083 servatam
1312 1058 1440 1090 postero
1464 1057 1614 1091 ternpore,
1638 1054 1664 1084 si
1691 1053 1758 1084 Deo

80 1096 224 1134 placebit,
247 1096 307 1126 alio
329 1096 401 1126 1060
424 1096 631 1126 tractabimus.

225 1178 365 1208 Alterum
400 1178 617 1208 emblematum
647 1177 867 1208 Servianorum
898 1186 1000 1214 genus
1035 1178 1062 1207 in
1092 1178 1202 1208 tabulis
1233 1178 1356 1208 narratis
1386 1178 1620 1215 deprendimus.
1664 1178 1760 1209 Aliter

76 1218 156 1249 enim
182 1219 301 1249 tabulas
324 1223 418 1256 atque
442 1227 492 1249 res
515 1222 625 1256 gestas
649 1218 728 1249 10615
748 1217 848 1249 Servii
872 1218 1025 1255 genuinis.
1049 1218 1134 1248 aliter
1156 1218 1235 1248 locis
1259 1218 1449 1255 interpolatis
1474 1219 1624 1249 interdum
1649 1220 1758 1249 narrari

75 1268 124 1290 1118
148 1259 249 1291 Servii
274 1260 517 1291 commentarios
542 1260 697 1297 legentem
721 1268 780 1290 non
805 1259 888 1297 fugit.
934 1258 1011 1290 Nam
1036 1268 1105 1290 cum
1130 1259 1177 1290 ille
1206 1259 1373 1290 tabularum
1403 1268 1518 1290 causas
1542 1260 1592 1291 vel
1622 1260 1757 1291 rationes

76 1302 257 1338 plerumque
281 1301 450 1338 allegorice
467 1302 527 1336 vel,
552 1306 581 1331 ut
605 1310 675 1331 cum
692 1301 805 1331 Servio
829 1301 946 1338 loquar,
971 1301 1142 1331 naturaliter
1166 1300 1321 1338 explicare
1345 1301 1478 1337 studeat,
1502 1301 1562 1332 loci
1587 1301 1758 1340 interpolati

74 1342 193 1373 tabulas
217 1342 256 1373 ad
281 1342 375 1373 iidem
398 1342 594 1380 scriptorum,
620 1350 657 1372 ex
681 1342 795 1379 quibus
819 1342 947 1372 haustae
971 1346 1050 1374 sunt.
1079 1350 1201 1372 summa
1230 1342 1409 1373 credulitate
1439 1347 1573 1373 narratas
1598 1343 1757 1380 praebent.

73 1383 101 1414 id
133 1384 218 1421 quod
250 1384 340 1414 etiam
364 1383 456 1414 Thilo
485 1392 522 1415 se
551 1383 813 1414 animadvertisse
849 1383 981 1421 epistula
1009 1382 1245 1420 benignissime,
1281 1387 1310 1414 ut
1338 1383 1509 1419 assolebat,
1540 1384 1578 1415 ad
1610 1392 1659 1415 me
1688 1384 1758 1415 data

72 1429 203 1456 testatus
228 1430 286 1456 est.
332 1425 435 1463 Quam
458 1426 677 1463 quaestionem
702 1425 772 1456 licet
795 1434 857 1455 non
881 1425 1025 1455 omnibus
1050 1424 1185 1455 numeris
1210 1429 1239 1455 et
1267 1424 1403 1463 partibus
1432 1426 1560 1456 solvere
1584 1425 1758 1464 possimus,

72 1467 218 1504 quoniam
241 1475 302 1497 non
325 1475 428 1504 aeque
452 1467 480 1497 in
505 1475 617 1498 omnes
641 1467 784 1504 singulos
808 1467 900 1497 locos
923 1470 1068 1497 accurate
1092 1466 1319 1503 inquisivimus.
1343 1470 1456 1501 tamen,
1480 1471 1511 1498 ut
1534 1467 1640 1498 verbis
1664 1468 1758 1499 iidem

73 1508 221 1538 iaciamus
261 1512 290 1539 et
333 1508 551 1545 suspicionem
590 1508 629 1539 de
667 1508 886 1545 interpolatore
931 1508 1023 1538 nobis
1061 1511 1157 1538 ortam
1196 1508 1277 1538 iusto
1315 1508 1515 1539 fundamento
1552 1517 1613 1539 non
1652 1517 1759 1540 carere

72 1549 336 1584 demonstremus,
372 1557 472 1586 pauca
504 1549 682 1580 adieramus
717 1549 871 1586 exempla.
906 1566 934 1568 —
968 1549 1018 1579 Ad
1049 1549 1129 1579 Aen.
1159 1549 1188 1582 ΙΙ,
1219 1553 1277 1579 247
1311 1549 1509 1586 interpolator
1541 1549 1619 1581 11386
1653 1550 1759 1581 refert:

72 1589 257 1628 [praecepto
280 1590 450 1628 Apollinis:
479 1590 530 1628 qui
555 1599 625 1621 curn
655 1594 796 1621 amasset
819 1588 1043 1623 Cassandram,
1075 1590 1148 1627 petit
1177 1590 1216 1621 ab
1241 1598 1277 1621 ea
1308 1590 1374 1621 eius
1406 1591 1592 1622 concubitus
1623 1592 1758 1629 copiam.

72 1632 119 1662 illa
143 1632 199 1662 hac
217 1632 405 1663 condicione
428 1632 577 1670 promisit,
601 1632 628 1663 si
652 1632 712 1663 sibi
735 1631 774 1663 ab
793 1640 832 1663 eo
855 1631 1021 1662 futurorum
1044 1631 1176 1662 scientia
1193 1635 1414 1669 praestaretur:
1437 1640 1530 1670 quarn
1554 1641 1625 1663 cum
1641 1632 1759 1670 Apollo

71 1673 238 1707 tribuisset,
261 1673 302 1703 ab
325 1673 372 1704 illa
396 1674 573 1711 promissus
597 1674 699 1704 coitus
723 1673 898 1710 denegatus
924 1677 982 1704 est.
998 1673 1057 1704 sed
1074 1673 1191 1710 Apollo
1208 1673 1402 1704 dissimulata
1425 1673 1584 1712 paulisper
1607 1674 1657 1709 113,
1683 1674 1757 1712 petit

70 1714 109 1744 ab
134 1722 179 1748 ea,
203 1718 234 1744 ut
255 1714 316 1744 sibi
339 1714 483 1745 osculum
506 1715 617 1745 saltem
648 1718 834 1751 praestaret:
863 1714 949 1751 quod
980 1723 1051 1744 curn
1079 1714 1126 1744 illa
1156 1714 1295 1748 iecisset.
1319 1714 1435 1752 Apollo
1465 1724 1503 1746 os
1534 1716 1602 1746 eius
1632 1716 1757 1753 inspuit,

73 1760 101 1786 et
124 1755 195 1793 quia
226 1755 345 1793 eripere
369 1755 432 1787 deo
461 1755 563 1787 semel
591 1755 733 1786 tributum
764 1763 875 1786 munus
905 1763 966 1785 non
997 1755 1215 1790 conveniebat,
1246 1755 1358 1789 8118611,
1388 1760 1419 1786 111
1447 1756 1495 1786 1113
1525 1756 1653 1793 quidem
1683 1765 1758 1787 vera

71 1797 294 1832 vaticinaretur,
317 1797 377 1828 sed
402 1797 483 1828 tides
506 1806 568 1827 non
592 1794 777 1834 haberetur]
823 1796 907 1828 idem
929 1797 969 1828 ad
992 1796 1031 1827 A.
1054 1796 1072 1831 Ι,
1096 1802 1129 1828 41
1158 1796 1236 1828 haec
1259 1796 1367 1828 habet:
1395 1795 1487 1835 [sane
1514 1797 1641 1828 latenter
1662 1798 1758 1835 tangit

70 1837 243 1873 historiamz
278 1838 387 1869 dicitur
414 1838 495 1868 enirn
519 1837 662 1869 Minerva
689 1838 717 1868 in
747 1841 862 1868 tantum
893 1838 934 1868 ob
957 1838 1092 1868 vitiatam
1117 1837 1329 1869 Cassandram
1360 1839 1388 1868 in
1415 1839 1533 1876 templo
1566 1847 1627 1870 suo
1656 1839 1756 1870 solius

70 1879 177 1910 Aiacis
203 1887 306 1917 poena
329 1888 390 1910 non
414 1879 513 1910 tuisse
537 1883 693 1913 contenta,
721 1882 752 1909 ut
781 1882 895 1916 postea
924 1887 978 1916 per
1006 1879 1164 1910 oraculum
1187 1879 1227 1910 de
1255 1879 1323 1911 eius
1353 1888 1450 1917 regno
1474 1880 1640 1917 quotannis
1665 1888 1757 1911 unam

70 1921 205 1951 nobilem
230 1921 364 1959 puellam
387 1921 512 1952 iusserit
535 1920 618 1952 llium
642 1921 702 1951 sibi
725 1920 764 1951 ad
793 1920 979 1951 sacrificium
1007 1920 1089 1963 mitti,
1119 1924 1148 1952 et
1170 1920 1256 1958 quod
1287 1925 1336 1952 est
1357 1921 1500 1959 amplius,
1531 1921 1572 1952 de
1602 1929 1640 1952 ea
1667 1921 1756 1957 tribu,

70 1962 110 1993 de
138 1971 200 2000 qua
227 1962 309 1993 Aiax
338 1962 443 1998 iuerat,
472 1962 554 1994 sicut
575 1962 727 1993 Annaeus
757 1960 905 1992 Placidus
934 1961 1049 1998 181811]ς
1083 1962 1121 1992 61.
1146 1961 1195 1998 [ad
1219 1962 1257 1992 A.
1280 1962 1310 1997 ΙΙ,
1339 1961 1421 1998 4141.
1466 1961 1636 2001 Complura
1669 1963 1758 2001 igitur

13 2023 16 2025 -
69 2004 269 2041 interpolator
297 2003 337 2034 de
367 2002 568 2035 Cassandrae
598 2004 660 2034 vita
688 2004 871 2040 fortunaque
902 2002 1016 2034 misera
1043 2003 1174 2034 tradidit.
1222 2002 1364 2038 Servius,
1386 2008 1464 2035 'curn
1495 2004 1616 2035 fabulae
1646 2005 1756 2042 prioris

69 2045 149 2076 haud
173 2045 298 2082 ignarus
321 2045 370 2079 511,
394 2049 426 2076 111
449 2044 574 2083 Vergilii
598 2045 649 2080 (A.
673 2044 703 2080 il,
727 2046 799 2080 247)
823 2044 921 2076 verba
944 2044 1015 2075 “dei
1038 2044 1147 2075 iussu“
1171 2044 1314 2083 explicet,
1342 2044 1422 2076 haec
1448 2045 1519 2076 iacit
1541 2046 1654 2077 verba:
1678 2045 1757 2077 “Dei

69 2086 167 2121 iussu,
192 2090 364 2124 praecepto
386 2086 552 2124 Apollinis,
575 2086 628 2124 qui
651 2094 711 2124 spe
740 2086 887 2124 promissi
917 2086 1019 2116 coitus
1047 2094 1208 2117 concessa
1231 2086 1421 2117 divinatione
1449 2086 1610 2118 frustratus
1633 2087 1758 2119 sustulit

68 2127 162 2159 fidem
185 2136 261 2159 vera
284 2128 430 2159 dicenti‘⁴.
475 2127 547 2166 Qua
569 2128 598 2158 in
628 2127 828 2166 expositione
852 2135 946 2165 quarn
975 2127 1085 2159 leviter
1106 2135 1265 2165 quamque
1293 2127 1444 2159 brevibus
1467 2127 1599 2160 Servius
1623 2129 1757 2160 tabulam

68 2169 198 2207 attigerit
219 2169 460 2204 animadvertas,
484 2178 618 2207 quaeso,
642 2169 672 2201 id
689 2169 777 2207 quod
800 2169 992 2207 saepissime
1018 2177 1089 2200 eum
1111 2169 1141 2200 in
1164 2169 1274 2200 tabulis
1298 2169 1457 2201 narrandis
1481 2170 1600 2201 iecisse
1623 2174 1756 2202 constat.

67 2211 110 2241 At
131 2219 224 2248 quam
248 2219 309 2242 non
333 2211 428 2243 iidem
451 2210 590 2242 habuerit
612 2211 696 2242 alteri
719 2210 850 2246 tabulae,
874 2209 1005 2242 Servius
1028 2211 1100 2249 ipse
1122 2211 1213 2242 testis
1237 2214 1294 2246 est,
1318 2211 1371 2249 qui
1393 2211 1434 2242 ad
1455 2210 1495 2242 A.
1511 2211 1560 2247 XI,
1585 2215 1644 2243 259
1668 2211 1756 2243 (11611;

70 2252 219 2282 “fabula
247 2252 318 2284 hoc
346 2252 474 2284 habet:
502 2256 630 2291 propter
652 2251 854 2284 Cassandrae
883 2256 1023 2290 stuprum
1047 2251 1179 2284 Graecis
1209 2252 1314 2284 iratam
1336 2251 1520 2289 Nilnervam,
1543 2253 1596 2284 vel
1618 2253 1704 2291 quod
1729 2253 1757 2285 ei

68 2293 207 2323 victores
242 2301 297 2330 per
324 2294 505 2331 superbiam
533 2294 710 2325 sacrificare
740 2294 917 2324 noluerunt:
951 2294 1034 2325 unde
1065 2302 1123 2325 eos
1154 2294 1323 2325 redeuntes
1351 2294 1540 2332 gravissima
1568 2298 1756 2333 tempestate

68 2333 212 2371 fatigatos
236 2342 292 2371 per
314 2334 442 2365 diversa
464 2334 623 2372 dispersit.
667 2334 811 2365 Horatius
836 2338 895 2365 etc.
918 2343 954 2365 re
977 2343 1066 2365 vera
1087 2338 1207 2366 autem
1230 2338 1379 2366 constat
1401 2334 1545 2367 Graecos
1567 2339 1756 2374 tempestate

67 2375 233 2406 laborasse
266 2375 467 2413 aequinoctio
495 2376 622 2411 vernali,
656 2375 784 2413 quando
817 2375 982 2407 manubiae
1010 2375 1213 2412 Minervales,
1247 2375 1278 2407 id
1309 2379 1359 2407 est
1386 2375 1519 2412 tulmina,
1547 2380 1756 2415 tempestates

65 2416 274 2454 gravissimas
302 2418 536 2448 commovent“.
580 2417 735 2449 Videmus
758 2416 848 2455 igitur
869 2416 1014 2448 Servium
1040 2417 1102 2449 hoc
1124 2418 1198 2449 loco
1220 2416 1343 2448 rabulae
1365 2425 1430 2448 rem
1451 2426 1559 2450 veram
1582 2426 1755 2457 opponere,

66 2458 84 2490 i.
109 2466 136 2490 e.
159 2458 280 2490 tabulas
303 2466 322 2489 a
344 2456 458 2490 Servio
480 2458 650 2497 allegorica
672 2457 809 2496 quadam
831 2457 948 2490 ratione
972 2459 1127 2497 explicari,
1157 2467 1230 2490 cum
1251 2458 1313 2489 loci
1335 2458 1508 2496 interpolati
1532 2463 1562 2491 et
1584 2460 1756 2498 pleniorem

67 2500 238 2538 praebeant
270 2500 475 2532 narrationem
503 2503 533 2532 et
565 2500 605 2532 ita
634 2503 856 2538 comparatam,
890 2503 922 2531 ut
950 2499 990 2532 de
1024 2500 1143 2539 origine
1172 2500 1225 2532 vel
1257 2507 1356 2532 causa
1387 2500 1508 2533 tabulae
1542 2501 1625 2533 nullo
1658 2501 1756 2533 modo
