1838 2720
896 124 985 162 16¹

71 219 109 249 A.
135 218 182 251 Vl.
206 222 269 255 288
288 218 464 249 secundum
487 218 607 248 fabulas
636 235 663 237 —
693 226 724 248 re
746 226 821 248 vera
849 217 1027 253 autem;·A.
1050 217 1110 253 Vll,
1136 222 1192 256 190
1219 217 1321 248 fabula
1343 217 1411 250 talis
1435 221 1483 250 est
1511 234 1540 238 -
1566 216 1628 249 hoc
1649 221 1755 252 autem

72 260 144 290 ideo
167 259 295 296 fingitur.
318 259 390 296 quia
414 263 487 294 etc.;
509 259 549 289 A.
565 258 626 293 Vll,
644 263 698 290 761
726 258 909 289 omniaista
931 258 1074 290 fabulosa
1095 262 1167 295 sunt
1194 275 1224 280 -
1251 266 1283 289 re
1305 266 1382 290 vera
1402 262 1520 295 autem;
1541 258 1580 290 A.
1598 258 1669 294 VIII,
1697 263 1755 291 190

71 301 246 332 secundum
269 300 403 331 fabulam
431 318 461 320 —
488 300 603 331 veritas
626 304 729 331 tamen
745 299 920 331 secundum
937 299 1115 338 philologos
1140 303 1169 331 et
1183 298 1351 331 historicos
1367 299 1428 330 hoc
1443 299 1550 335 habet:
1572 300 1611 331 A.
1627 299 1676 335 XI,
1693 303 1755 331 259

73 342 173 373 fabula
195 341 255 373 hoc
279 341 371 373 habet
399 360 429 362 —
457 350 488 373 re
512 350 586 373 vera
608 345 711 373 autem
734 344 870 377 constan
899 340 937 372 G.
960 340 980 377 Ι,
1008 345 1043 373 12
1065 341 1167 373 fabula
1188 340 1256 372 talis
1280 344 1329 373 est
1355 357 1386 362 —
1414 344 1443 372 et
1465 340 1539 372 ideo
1561 341 1670 373 dicitur
1693 345 1753 373 ete.

72 383 109 414 G.
134 383 164 414 11.
189 387 248 414 389
271 384 451 423 oscillorum
474 388 577 414 autem
600 383 704 414 variae
727 386 798 413 sunt
820 382 998 420 opiniones.
1020 392 1095 419 nam,
1118 383 1167 415 3111
1195 382 1275 414 11306
1302 385 1447 414 35561001
1475 382 1691 414 13001310-616.
1718 400 1753 422 -,

73 425 322 462 prudentioribus
351 429 454 456 tamen
483 425 563 456 aliud
595 425 696 462 placet
726 424 805 455 etc‘.
834 441 863 444 —
890 423 1131 462 Nonnumquam
1158 427 1261 455 autem
1286 424 1329 459 fit,
1359 427 1390 455 ut
1416 422 1547 455 Servius
1577 424 1681 459 rebus,
1711 425 1752 456 de

71 466 185 501 quibus
208 466 315 501 agitur,
340 466 512 496 naturaliter
535 466 587 496 vel
607 465 774 502 allegorice
798 465 960 502 explicatis
983 466 1104 497 fabulae
1127 465 1329 499 narrationem
1352 465 1381 495 in
1403 469 1582 497 transcursu
1605 466 1755 498 subiciat:

72 506 110 537 A.
135 505 195 541 Vll,
219 509 279 537 412
303 506 344 538 de
375 510 480 545 etymo
513 509 606 544 atque
641 505 756 543 origine
783 505 922 536 “Ardea“
949 507 1083 536 nominis
1118 506 1256 540 disserit:
1289 506 1404 536 deinde
1438 505 1516 537 haec
1548 506 1647 537 addit:
1680 506 1753 538 illud

73 557 207 585 namque
232 547 338 579 Ovidii
361 548 390 579 in
421 547 721 586 metormophoseon
748 546 924 579 fabulosum
953 547 1018 579 est“
1045 550 1104 579 etc.
1150 545 1226 578 Buc.
1250 545 1280 582 11,
1304 550 1338 578 31
1366 545 1497 578 Servius
1521 550 1688 585 postquam
1711 547 1753 583 de

74 589 165 620 Panis
189 590 314 620 nomine
332 590 488 623 disseruit,
512 589 610 620 obiter
626 589 757 619 fabulam
780 588 826 619 his
844 589 950 626 verbis
974 593 1213 620 commemorat:
1238 589 1332 626 “ergo
1348 588 1413 619 Pan
1435 588 1610 621 secundum
1632 589 1752 621 fabulas

72 639 199 662 amasse
223 630 357 668 Syringa
380 630 546 669 nympham
571 630 707 661 dicitur“.
751 629 894 667 Denique
918 629 956 660 A.
981 629 1029 665 VI,
1052 634 1112 661 659
1135 634 1303 667 postquam
1332 630 1497 667 quaesivit,
1525 638 1579 660 cur
1602 634 1631 661 et
1657 631 1753 662 sideri

73 678 101 703 et
126 673 239 703 flumini
266 672 454 704 *Eridanus*
481 680 595 703 nornen
623 672 747 703 inditum
770 671 818 706 sit,
841 675 982 702 veterum
1006 671 1182 709 opiniones,
1211 679 1291 709 quas
1314 670 1414 702 secuti
1438 670 1562 702 fluvium
1587 670 1754 705 Eridanum

72 714 123 743 vel
153 713 192 743 ad
224 714 340 744 1016105
363 714 491 744 tendere
515 714 565 744 vel
594 713 676 750 apud
706 712 820 743 inferos
849 716 951 743 natum
980 713 1009 743 in
1036 717 1133 745 terras
1157 713 1239 744 exire
1263 713 1374 748 dicant,
1405 721 1444 744 ex
1473 712 1606 744 fluminis
1630 711 1753 746 Eridani

72 763 165 785 cursu
196 754 399 792 explicandas
429 763 505 785 esse
534 754 734 784 demonstrat.
786 753 857 791 Qua
885 754 1073 790 quaestione
1101 754 1203 785 soluta
1237 754 1368 784 fabulam
1396 753 1444 784 his
1473 754 1579 785 verbiS
1611 754 1754 791 exponit:

76 796 194 826 *fabula
218 804 352 833 namque
380 795 457 827 11366
488 799 535 826 651
565 798 643 826 616“.
688 794 723 825 ni
754 795 816 825 fere
845 798 917 825 sunt
946 794 1016 829 loci,
1046 794 1161 832 quibus
1190 794 1308 826 fabulas
1338 794 1430 826 nobis
1459 794 1535 826 tradi
1558 803 1660 825 voces
1684 795 1754 826 illae

74 838 171 868 modo
194 841 384 868 memoratae
402 842 537 868 monent.
576 836 703 867 Exstant
720 840 879 873 praeterea
895 836 1075 874 complures
1092 836 1162 871 loci,
1186 836 1239 873 qui
1255 836 1390 868 vocibus
1407 836 1464 867 illis
1488 844 1549 867 non
1566 836 1753 874 praemissis

73 879 192 909 fabulas
224 878 369 909 exhibent
399 879 578 915 quibusque
609 878 635 908 in
665 878 725 908 fine
758 877 836 908 haec
859 877 957 908 verba
985 877 1089 908 addita
1117 882 1204 908 sunt:
1231 877 1308 909 “sed
1337 877 1398 908 hoc
1427 877 1500 908 ideo
1529 877 1649 915 fingitur
1672 878 1747 909 etc.“

74 919 112 949 Ut
147 920 293 956 exemplo
328 923 454 952 0130101,
482 919 520 949 A.
545 919 592 951 lV.
617 924 655 950 58
683 918 812 949 Servius
847 919 973 956 egregie
1007 918 1047 949 de
1074 917 1336 956 Thesmophoriis
1371 919 1534 950 disserens
1567 918 1647 949 hunc
1682 919 1752 950 facit

72 968 269 991 sermonem:
301 959 481 997 “Legiferae
515 959 635 995 Cereri;
669 960 758 997 leges
794 959 873 989 enirn
907 959 976 996 ipsa
1009 959 1118 990 dicitur
1149 960 1328 990 invenisse:
1362 968 1432 990 nam
1466 964 1495 990 et
1527 968 1617 990 sacra
1650 960 1753 997 ipsius

71 1001 306 1039 thesmophoria
336 1005 494 1032 vocantur.
518 1002 576 1032 sed
607 1001 667 1032 hoc
697 1001 769 1032 ideo
799 1000 934 1038 fingitur“
968 1004 1027 1031 etc.
1050 999 1189 1032 Similem
1217 1000 1374 1035 rationem,
1404 1008 1466 1038 qua
1493 999 1624 1032 Servius
1653 1002 1754 1033 verba

72 1043 118 1072 1113
166 1043 360 1073 *secuudum
405 1043 554 1073 13001301“
595 1043 739 1073 omittens
784 1042 902 1073 1300135
945 1042 1112 1080 allegorice
1158 1042 1323 1080 explanare
1366 1042 1471 1073 studet
1514 1041 1560 1073 his
1606 1042 1753 1080 praefixis

72 1083 193 1113 verbis:
234 1083 325 1113 “ideo
362 1083 422 1113 hoc
460 1083 594 1120 fingitur*
639 1083 737 1113 “adeo
775 1083 877 1113 omnia
913 1083 972 1113 ista
1008 1083 1151 1113 fabulosa
1186 1083 1287 1117 sunt“,
1325 1085 1404 1113 *non
1440 1087 1543 1114 autern
1581 1084 1750 1121 incongrue

72 1125 208 1161 fingitur*
237 1129 295 1155 616.
327 1124 414 1155 111566
449 1124 527 1155 10615
562 1124 788 1161 cognovimus:
821 1123 859 1154 A.
884 1122 932 1158 Vl.
961 1127 1030 1155 659.
1054 1122 1114 1158 Vll,
1148 1128 1192 1154 19.
1216 1128 1285 1154 761.
1317 1122 1355 1154 G.
1378 1123 1420 1155 111.
1451 1127 1519 1154 268.
1542 1123 1591 1158 IV,
1624 1128 1688 1155 150.
1717 1141 1746 1144 -

72 1165 186 1195 Omnia
221 1165 298 1195 11366
331 1174 426 1202 supra
461 1166 563 1202 posita
597 1166 740 1202 exempla
773 1165 936 1199 attulimus,
970 1165 1053 1196 unde
1087 1164 1188 1196 Servii
1225 1165 1393 1196 tabularum
1426 1165 1641 1196 narrandarum
1676 1165 1752 1196 ratio

71 1211 328 1243 cognosceretur.
365 1206 471 1243 Itaque
488 1205 631 1237 Servium
655 1214 725 1236 curn
750 1214 795 1240 ea,
813 1214 894 1242 quae
916 1206 999 1243 apud
1015 1206 1186 1243 scriptores
1209 1206 1325 1236 invenit
1346 1210 1471 1240 narrata,
1495 1206 1649 1237 rettulisse
1673 1207 1752 1237 satis.

71 1256 131 1277 uon
163 1247 298 1279 haberet.
330 1248 411 1278 unde
442 1251 471 1278 et
494 1247 760 1284 quemadmodum
790 1247 910 1277 fabulae
939 1250 1024 1277 ortae
1052 1251 1145 1284 atque
1168 1255 1230 1283 qua
1258 1247 1374 1277 ratione
1403 1246 1607 1284 explicandae
1631 1253 1751 1281 essent,

70 1289 146 1318 ultro
170 1289 374 1326 quaesivisse
399 1289 554 1319 videmus.
601 1287 711 1325 Neque
741 1288 821 1318 enim
849 1288 932 1325 vulgi
962 1288 1141 1325 opinionem
1171 1288 1390 1325 superstitiose
1420 1292 1550 1319 secutus
1579 1292 1748 1321 auctorum.

69 1338 152 1366 quos
180 1330 356 1367 exscripsit,
381 1330 515 1367 vestigia
538 1334 724 1366 persecutus
743 1332 799 1363 651,
824 1329 883 1360 sed
907 1329 1027 1360 facibus
1044 1328 1241 1366 philosophia
1256 1329 1308 1360 vel
1330 1333 1453 1360 naturae
1477 1329 1593 1360 ratione
1609 1330 1751 1361 incensis

69 1371 216 1401 tenebras
234 1371 344 1401 fabulis
362 1371 517 1401 obductas
535 1371 701 1401 illustravit.
736 1370 933 1407 Quamquam
951 1369 1095 1401 Servium
1114 1378 1241 1408 semper
1257 1374 1453 1401 constantem
1470 1370 1569 1402 fuisse
1586 1379 1750 1408 negamus,

69 1420 138 1442 cum
163 1412 342 1449 complures
366 1412 427 1442 1061
451 1411 543 1442 nobis
572 1411 768 1445 occurrerint,
791 1411 905 1448 quibus
929 1410 1059 1442 Servius
1088 1411 1266 1442 credulitate
1289 1411 1423 1448 quadam
1447 1411 1559 1442 ductus
1583 1420 1633 1442 res
1656 1416 1753 1449 atque

69 1453 196 1487 13011135,
221 1461 290 1483 curn
316 1452 386 1483 nihil
408 1453 448 1483 de
473 1461 576 1483 earum
601 1453 719 1490 origine
736 1452 787 1483 vel
810 1460 907 1483 631153
930 1451 1073 1487 disserat,
1097 1460 1215 1483 narrare
1231 1452 1381 1488 videatur,
1404 1452 1475 1483 licet
1491 1460 1594 1490 neque
1612 1453 1750 1490 plurimis

69 1493 115 1524 his
140 1494 219 1524 locis
236 1494 333 1524 verba
357 1494 404 1524 1113
422 1494 558 1527 “(1161101,
584 1493 768 1531 perhibetur,
792 1494 944 1523 narratur⁴‘
961 1493 1072 1528 desint,
1097 1501 1178 1531 quae
1195 1493 1332 1524 sermoni
1348 1493 1505 1524 interiecta
1521 1502 1571 1525 res
1588 1494 1751 1526 fabulosas

66 1544 83 1564 a
100 1534 213 1565 Servio
238 1535 346 1564 narrari
370 1535 513 1565 indicant.
551 1535 591 1564 At
615 1534 661 1564 his
685 1534 764 1565 locis
781 1533 882 1565 Servii
907 1534 1072 1572 explicatio
1094 1534 1261 1572 allegorica
1276 1534 1347 1565 sive
1364 1534 1551 1572 philosopha
1574 1544 1635 1565 non
1658 1536 1749 1566 inest.

67 1576 161 1613 Quod
187 1585 240 1607 cur
256 1574 387 1607 Servius
411 1575 517 1607 1666111
540 1575 761 1613 quaerentibus
779 1574 910 1606 Servius
934 1575 1004 1613 ipse
1028 1576 1201 1613 respondet
1221 1575 1260 1605 A.
1277 1575 1296 1610 I,
1313 1579 1388 1606 297:
1412 1575 1469 1606 “Et
1490 1575 1574 1606 Maia
1595 1576 1749 1613 genitum:

68 1617 253 1647 Mercurium
285 1622 342 1648 616.
367 1616 481 1648 Cicero
512 1618 539 1648 in
569 1618 652 1648 libris
681 1617 722 1648 de
752 1617 881 1648 deorum
916 1620 1020 1648 natura
1054 1617 1158 1654 plures
1187 1616 1260 1648 dicit
1290 1625 1366 1648 esse
1395 1615 1585 1648 Mercurios:
1614 1617 1686 1649 sed
1716 1617 1749 1648 in

66 1658 225 1688 deorum
260 1659 408 1688 ratione
442 1659 595 1688 fabulae
629 1658 857 1695 sequendae
891 1662 988 1692 sunt,
1023 1667 1104 1689 nam
1133 1658 1281 1689 veritas
1314 1658 1525 1695 ignoratur.
1574 1657 1620 1689 En
1649 1658 1751 1690 habes

66 1698 166 1729 Servii
196 1698 343 1730 rationem
377 1699 501 1730 minime
536 1703 742 1730 constantem.
797 1698 902 1736 ltaque
931 1702 1039 1730 noster
1070 1699 1259 1736 ubicumque
1293 1699 1357 1729 11611
1390 1699 1473 1729 116011
1506 1699 1547 1729 (16
1580 1700 1747 1730 fabularum

65 1741 171 1771 causis
207 1745 235 1771 et
263 1741 432 1771 rationibus
459 1741 665 1778 quaestiones
699 1740 834 1771 instituit.
880 1739 1013 1771 Fuerunt
1045 1744 1148 1772 autern
1177 1739 1333 1778 quaedam
1362 1748 1414 1771 res
1441 1739 1590 1778 imprimis
1626 1740 1748 1778 priscae

64 1786 157 1818 atque
174 1785 327 1814 vetustae,
351 1791 478 1819 quarum
503 1790 619 1812 causas
642 1790 745 1818 neque
770 1782 840 1818 ipse
863 1790 1063 1818 cognoscere
1080 1781 1178 1819 potuit
1200 1790 1304 1819 neque
1319 1782 1404 1819 apud
1420 1785 1576 1816 auctores,
1599 1790 1617 1812 a
1633 1782 1749 1819 quibus

64 1831 121 1853 sua
145 1827 298 1854 mutuatus
323 1827 379 1858 651,
405 1823 586 1861 explanatas
610 1822 736 1854 invenit.
774 1821 866 1860 Quos
883 1822 975 1853 locos
992 1831 1120 1854 numero
1143 1822 1281 1853 minores
1301 1830 1377 1853 esse
1399 1823 1480 1853 10615
1496 1831 1591 1860 supra
1613 1823 1748 1854 tractatis

66 1873 158 1894 nemo
182 1874 242 1895 non
266 1865 325 1895 sibi
350 1865 561 1902 persuadebit,
585 1865 636 1902 qui
661 1864 805 1896 Servium
829 1864 945 1902 legerit.
982 1863 1087 1902 Atque
1110 1868 1141 1895 ut
1164 1872 1232 1895 eam
1253 1863 1354 1895 Servii
1378 1864 1527 1895 rationem
1550 1864 1747 1900 illustremus,

65 1913 163 1941 pauca
196 1906 372 1936 adferamus
403 1907 557 1943 exempla.
589 1905 626 1935 G.
650 1906 668 1939 l,
692 1910 752 1936 403
775 1905 906 1935 Servius
934 1905 1012 1935 haec
1036 1906 1144 1936 docet:
1168 1906 1348 1936 ““noetua“
1371 1909 1475 1937 autem
1502 1910 1551 1937 est
1577 1906 1646 1937 avis
1673 1906 1752 1938 luci--

63 1946 143 1982 fuga.
167 1955 247 1983 quae
271 1946 424 1983 significat
448 1947 582 1984 pluviam
606 1947 633 1977 si
658 1945 805 1977 cecinerit
828 1950 901 1983 post
923 1945 1001 1976 solis
1026 1954 1188 1976 occasum.
1211 1946 1251 1976 de
1274 1946 1332 1976 hac
1348 1950 1450 1977 autem
1472 1947 1541 1977 talis
1566 1951 1614 1977 est
1636 1947 1749 1978 fabula.

64 1986 249 2024 Nyctimone
275 1992 441 2025 postquam
464 1997 535 2019 cum
561 1992 645 2026 patre
669 1987 838 2018 concubuit
861 1991 891 2017 et
912 1986 1041 2024 agnovit
1071 1987 1190 2018 facinus
1221 1995 1306 2022 esse,
1334 1986 1363 2017 in
1392 1986 1481 2018 silvis
1510 1995 1548 2018 56
1577 1987 1695 2018 abdidit
1717 1992 1748 2019 61

62 2029 163 2058 lucem
188 2029 304 2064 refugit,
328 2029 378 2059 ubi
396 2029 525 2060 deorum
543 2030 701 2059 voluntate
725 2036 884 2059 conversa
907 2031 956 2059 est
978 2027 1007 2058 in
1029 2036 1132 2063 avem,
1156 2036 1237 2065 quae
1261 2036 1317 2065 pro
1339 2031 1423 2059 tanto
1440 2028 1576 2059 facinore
1599 2029 1746 2061 omnibus

60 2069 173 2099 avibus
205 2073 253 2099 est
282 2069 504 2100 admirationi‘“.
550 2070 641 2107 Quae
672 2070 773 2100 fabula
807 2069 888 2099 nullo
917 2069 977 2099 alio
1010 2069 1082 2099 loco
1116 2069 1174 2099 nisi
1207 2068 1268 2099 1106
1301 2077 1319 2099 3
1348 2068 1461 2100 Servio
1491 2073 1608 2100 narrata
1641 2078 1746 2107 neque

62 2110 232 2148 explicatur
261 2119 364 2148 neque
397 2111 436 2142 ad
467 2112 630 2145 naturales,
660 2115 690 2141 ut
718 2110 757 2141 ita
785 2110 897 2145 dicam,
927 2109 1063 2140 rationes
1092 2114 1265 2141 revocatur.
1309 2108 1429 2141 Eadem
1459 2110 1576 2141 ratione
1602 2110 1745 2146 Servius,

59 2152 346 2189 quaemadmodum
370 2152 401 2184 lo
424 2161 442 2184 a
461 2152 543 2188 Jove
566 2156 667 2184 amata
689 2152 718 2183 in
741 2159 874 2183 vaccam
896 2154 1010 2183 mutata
1033 2151 1081 2186 sit,
1105 2151 1255 2183 brevibus
1279 2151 1369 2183 refert
1393 2151 1475 2182 nulla
1496 2151 1618 2183 tabulae
1640 2151 1746 2183 addita

60 2193 278 2230 explanatione
303 2194 353 2227 161.
369 2194 407 2224 Α.
425 2194 485 2229 Vll,
511 2199 592 2229 799).
631 2193 750 2224 Eadem
774 2193 875 2224 fabula
897 2192 1032 2224 breviter
1054 2193 1246 2231 strictimque
1270 2193 1416 2231 exposita
1437 2193 1546 2225 iterum
1569 2192 1608 2224 (i.
1624 2192 1668 2229 111,
1689 2198 1751 2229 152¹

59 2238 193 2264 narratur
227 2234 409 2271 praemissis
444 2234 491 2265 his
525 2235 646 2265 verbis:
681 2235 774 2265 “nota
805 2237 909 2264 antem
944 2237 992 2265 est
1025 2234 1156 2265 fabula“.
1206 2233 1254 2265 Ex
1286 2234 1474 2271 reliquorum
1506 2243 1588 2272 quae
1623 2238 1751 2268 exstant

58 2276 273 2313 exemplorum
302 2275 379 2307 haec
409 2276 550 2307 attulisse
580 2276 657 2307 satis
681 2275 736 2307 sit:
759 2275 798 2306 A.
821 2274 864 2310 111,
888 2278 957 2307 201.
980 2279 1049 2307 297.
1072 2279 1141 2307 321.
1165 2274 1214 2311 IV,
1238 2279 1308 2307 609.
1331 2273 1409 2306 Βο6.
1432 2274 1482 2311 VI,
1505 2280 1554 2306 74.
1583 2291 1613 2295 —
1638 2274 1752 2313 Atque>

57 2322 87 2347 ut
118 2326 163 2350 63,
194 2326 276 2354 quae
306 2316 363 2348 hac
387 2318 624 2354 quaestiuncula
653 2317 826 2352 effecimus,
857 2317 966 2354 paucis
995 2317 1103 2348 iterum
1131 2317 1364 2355 amplectamur,
1392 2315 1536 2348 Servium
1565 2316 1605 2348 ab
1636 2324 1744 2349 eorum

57 2358 195 2395 partibus
225 2358 356 2388 stetisse
386 2359 624 2395 cognoscimus,
654 2358 706 2395 qui
736 2362 877 2388 veterum
907 2358 955 2388 illa
984 2357 1194 2389 Romanorum
1223 2358 1444 2395 superstitiosa
1472 2358 1652 2389 credulitate
1681 2367 1744 2390 non

56 2399 160 2430 imbuti
185 2399 305 2430 fabulas
330 2399 370 2430 de
394 2399 452 2431 diis
476 2399 602 2431 traditas
628 2399 794 2437 explanare
818 2407 987 2437 earumque
1018 2407 1133 2430 causas
1162 2408 1180 2429 a
1208 2398 1407 2436 philosophia
1428 2399 1481 2429 vel
1509 2406 1609 2430 rerum
1638 2402 1745 2430 natura

55 2442 105 2472 vel
130 2441 257 2473 historia
280 2445 422 2478 repetere
438 2442 608 2472 studerent.
643 2440 769 2479 Quodsi
786 2439 917 2472 Servius
940 2440 1060 2472 auxiliis
1084 2445 1114 2472 et
1136 2439 1248 2478 copiis,
1272 2438 1387 2477 quibus
1409 2439 1558 2477 utebatur,
1576 2439 1743 2472 destitutus

55 2483 206 2514 interdum
230 2492 247 2513 a
271 2482 363 2513 solita
386 2483 502 2513 ratione
526 2483 703 2516 recesserit,
734 2482 764 2513 id
795 2482 862 2513 eius
891 2490 995 2520 neque
1024 2482 1242 2521 neglegentiae
1272 2489 1376 2519 neque
1404 2481 1587 2514 inscientiae
1609 2482 1745 2514 tribuere
