<?xml version="1.0" encoding="UTF-8"?>
<!DOCTYPE html PUBLIC "-//W3C//DTD XHTML 1.0 Transitional//EN"
    "http://www.w3.org/TR/xhtml1/DTD/xhtml1-transitional.dtd">
<html xmlns="http://www.w3.org/1999/xhtml" xml:lang="en" lang="en">
 <head>
  <title>
</title>
<meta http-equiv="Content-Type" content="text/html;charset=utf-8" />
  <meta name='ocr-system' content='tesseract 3.04.00' />
  <meta name='ocr-capabilities' content='ocr_page ocr_carea ocr_par ocr_line ocrx_word'/>
</head>
<body>
  <div class='ocr_page' id='page_1' title='image "./4627522_0020.png"; bbox 0 0 1838 2720; ppageno 0'>
   <div class='ocr_carea' id='block_1_1' title="bbox 860 96 895 123">
    <p class='ocr_par' dir='ltr' id='par_1_1' title="bbox 860 96 895 123">
     <span class='ocr_line' id='line_1_1' title="bbox 860 96 895 123; baseline 0 0"><span class='ocrx_word' id='word_1_1' title='bbox 860 96 895 123; x_wconf 78' lang='grc'>13</span> 
     </span>
    </p>
   </div>
   <div class='ocr_carea' id='block_1_2' title="bbox 803 134 950 137">
    <p class='ocr_par' dir='ltr' id='par_1_2' title="bbox 803 134 950 137">
     <span class='ocr_line' id='line_1_2' title="bbox 803 134 950 137; baseline 0 0"><span class='ocrx_word' id='word_1_2' title='bbox 803 134 950 137; x_wconf 95' lang='lat' dir='ltr'> </span> 
     </span>
    </p>
   </div>
   <div class='ocr_carea' id='block_1_3' title="bbox 39 189 1719 517">
    <p class='ocr_par' dir='ltr' id='par_1_3' title="bbox 39 189 1719 517">
     <span class='ocr_line' id='line_1_3' title="bbox 40 189 1719 231; baseline -0.004 -6"><span class='ocrx_word' id='word_1_3' title='bbox 40 195 80 225; x_wconf 92' lang='lat' dir='ltr'>ab</span> <span class='ocrx_word' id='word_1_4' title='bbox 104 191 329 231; x_wconf 89' lang='lat' dir='ltr'>Umpfenbachi</span> <span class='ocrx_word' id='word_1_5' title='bbox 360 190 495 221; x_wconf 75' lang='lat' dir='ltr'>editione</span> <span class='ocrx_word' id='word_1_6' title='bbox 523 192 710 229; x_wconf 89' lang='lat' dir='ltr'>discrepant,</span> <span class='ocrx_word' id='word_1_7' title='bbox 740 191 820 222; x_wconf 90' lang='lat' dir='ltr'>haud</span> <span class='ocrx_word' id='word_1_8' title='bbox 849 192 889 223; x_wconf 89' lang='lat' dir='ltr'>ita</span> <span class='ocrx_word' id='word_1_9' title='bbox 916 192 998 222; x_wconf 91' lang='lat' dir='ltr'>multi</span> <span class='ocrx_word' id='word_1_10' title='bbox 1028 192 1174 223; x_wconf 89' lang='lat' dir='ltr'>codicum</span> <span class='ocrx_word' id='word_1_11' title='bbox 1197 190 1453 230; x_wconf 87' lang='lat' dir='ltr'>Terentianorum</span> <span class='ocrx_word' id='word_1_12' title='bbox 1476 190 1611 220; x_wconf 90' lang='lat' dir='ltr'>lectione</span> <span class='ocrx_word' id='word_1_13' title='bbox 1634 189 1719 220; x_wconf 88' lang='lat' dir='ltr'>varia</span> 
     </span>
     <span class='ocr_line' id='line_1_4' title="bbox 41 231 1718 270; baseline -0.004 -4"><span class='ocrx_word' id='word_1_14' title='bbox 41 236 179 266; x_wconf 87' lang='lat' dir='ltr'>nituntur.</span> <span class='ocrx_word' id='word_1_15' title='bbox 223 231 336 263; x_wconf 92' lang='lat' dir='ltr'>Omnia</span> <span class='ocrx_word' id='word_1_16' title='bbox 363 231 438 266; x_wconf 87' lang='lat' dir='ltr'>fere,</span> <span class='ocrx_word' id='word_1_17' title='bbox 466 240 547 269; x_wconf 85' lang='lat' dir='ltr'>quae</span> <span class='ocrx_word' id='word_1_18' title='bbox 573 232 638 263; x_wconf 88' lang='lat' dir='ltr'>huc·</span> <span class='ocrx_word' id='word_1_19' title='bbox 662 233 820 270; x_wconf 81' lang='lat' dir='ltr'>pertinent,</span> <span class='ocrx_word' id='word_1_20' title='bbox 853 233 893 263; x_wconf 88' lang='lat' dir='ltr'>ab</span> <span class='ocrx_word' id='word_1_21' title='bbox 921 232 1170 270; x_wconf 90' lang='lat' dir='ltr'>Umpfenbachio</span> <span class='ocrx_word' id='word_1_22' title='bbox 1203 232 1359 269; x_wconf 87' lang='lat' dir='ltr'>disputata</span> <span class='ocrx_word' id='word_1_23' title='bbox 1391 231 1524 265; x_wconf 84' lang='lat' dir='ltr'>invenis,</span> <span class='ocrx_word' id='word_1_24' title='bbox 1559 231 1612 268; x_wconf 90' lang='lat' dir='ltr'>qui</span> <span class='ocrx_word' id='word_1_25' title='bbox 1646 239 1718 266; x_wconf 88' lang='lat' dir='ltr'>cum</span> 
     </span>
     <span class='ocr_line' id='line_1_5' title="bbox 41 271 1717 314; baseline -0.003 -7"><span class='ocrx_word' id='word_1_26' title='bbox 41 274 237 314; x_wconf 90' lang='lat' dir='ltr'>praefationis</span> <span class='ocrx_word' id='word_1_27' title='bbox 268 282 297 311; x_wconf 96' lang='lat' dir='ltr'>p.</span> <span class='ocrx_word' id='word_1_28' title='bbox 320 271 557 304; x_wconf 74' lang='lat' dir='ltr'>Lxlv—val</span> <span class='ocrx_word' id='word_1_29' title='bbox 586 274 626 304; x_wconf 88' lang='lat' dir='ltr'>de</span> <span class='ocrx_word' id='word_1_30' title='bbox 654 277 794 306; x_wconf 88' lang='lat' dir='ltr'>veterum</span> <span class='ocrx_word' id='word_1_31' title='bbox 823 274 995 305; x_wconf 91' lang='lat' dir='ltr'>studiorum</span> <span class='ocrx_word' id='word_1_32' title='bbox 1025 274 1053 305; x_wconf 90' lang='lat' dir='ltr'>in</span> <span class='ocrx_word' id='word_1_33' title='bbox 1083 273 1230 305; x_wconf 90' lang='lat' dir='ltr'>Terentio</span> <span class='ocrx_word' id='word_1_34' title='bbox 1260 273 1433 311; x_wconf 89' lang='lat' dir='ltr'>positorum</span> <span class='ocrx_word' id='word_1_35' title='bbox 1462 272 1599 309; x_wconf 90' lang='lat' dir='ltr'>reliquiis</span> <span class='ocrx_word' id='word_1_36' title='bbox 1632 271 1717 309; x_wconf 91' lang='lat' dir='ltr'>apud</span> 
     </span>
     <span class='ocr_line' id='line_1_6' title="bbox 41 312 1717 351; baseline -0.003 -3"><span class='ocrx_word' id='word_1_37' title='bbox 41 316 184 348; x_wconf 88' lang='lat' dir='ltr'>Servium</span> <span class='ocrx_word' id='word_1_38' title='bbox 221 314 356 346; x_wconf 89' lang='lat' dir='ltr'>servatis</span> <span class='ocrx_word' id='word_1_39' title='bbox 380 313 579 345; x_wconf 71' lang='lat' dir='ltr'>&#39;doctissime</span> <span class='ocrx_word' id='word_1_40' title='bbox 617 323 675 345; x_wconf 92' lang='lat' dir='ltr'>nec</span> <span class='ocrx_word' id='word_1_41' title='bbox 712 323 773 349; x_wconf 86' lang='lat' dir='ltr'>non</span> <span class='ocrx_word' id='word_1_42' title='bbox 808 315 1043 346; x_wconf 79' lang='lat' dir='ltr'>accuratissime</span> <span class='ocrx_word' id='word_1_43' title='bbox 1081 315 1295 349; x_wconf 83' lang='lat' dir='ltr'>disseruisset,</span> <span class='ocrx_word' id='word_1_44' title='bbox 1333 313 1478 346; x_wconf 87' lang='lat' dir='ltr'>Servium</span> <span class='ocrx_word' id='word_1_45' title='bbox 1516 322 1577 344; x_wconf 93' lang='lat' dir='ltr'>non</span> <span class='ocrx_word' id='word_1_46' title='bbox 1615 312 1717 351; x_wconf 83' lang='lat' dir='ltr'>magis</span> 
     </span>
     <span class='ocr_line' id='line_1_7' title="bbox 40 354 1717 395; baseline -0.002 -7"><span class='ocrx_word' id='word_1_47' title='bbox 40 366 132 395; x_wconf 83' lang='lat' dir='ltr'>quam</span> <span class='ocrx_word' id='word_1_48' title='bbox 162 356 299 393; x_wconf 88' lang='lat' dir='ltr'>reliquos</span> <span class='ocrx_word' id='word_1_49' title='bbox 328 354 549 392; x_wconf 85' lang='lat' dir='ltr'>compilatores</span> <span class='ocrx_word' id='word_1_50' title='bbox 577 364 667 386; x_wconf 90' lang='lat' dir='ltr'>unam</span> <span class='ocrx_word' id='word_1_51' title='bbox 700 356 831 393; x_wconf 81' lang='lat' dir='ltr'>aliquam</span> <span class='ocrx_word' id='word_1_52' title='bbox 861 355 996 387; x_wconf 85' lang='lat' dir='ltr'>Terentii</span> <span class='ocrx_word' id='word_1_53' title='bbox 1025 356 1243 387; x_wconf 87' lang='lat' dir='ltr'>recensionem</span> <span class='ocrx_word' id='word_1_54' title='bbox 1272 359 1452 386; x_wconf 84' lang='lat' dir='ltr'>constanter</span> <span class='ocrx_word' id='word_1_55' title='bbox 1485 354 1717 385; x_wconf 88' lang='lat' dir='ltr'>observavisse</span> 
     </span>
     <span class='ocr_line' id='line_1_8' title="bbox 40 394 1716 435; baseline -0.002 -7"><span class='ocrx_word' id='word_1_56' title='bbox 40 402 70 428; x_wconf 88' lang='lat' dir='ltr'>et</span> <span class='ocrx_word' id='word_1_57' title='bbox 114 406 183 429; x_wconf 89' lang='lat' dir='ltr'>eum</span> <span class='ocrx_word' id='word_1_58' title='bbox 227 396 367 435; x_wconf 80' lang='lat' dir='ltr'>proxime</span> <span class='ocrx_word' id='word_1_59' title='bbox 409 404 427 426; x_wconf 91' lang='lat' dir='ltr'>a</span> <span class='ocrx_word' id='word_1_60' title='bbox 470 394 492 426; x_wconf 84' lang='lat' dir='ltr'>D</span> <span class='ocrx_word' id='word_1_61' title='bbox 525 394 547 426; x_wconf 70' lang='lat' dir='ltr'>G</span> <span class='ocrx_word' id='word_1_62' title='bbox 590 396 708 427; x_wconf 87' lang='lat' dir='ltr'>abesse</span> <span class='ocrx_word' id='word_1_63' title='bbox 751 396 833 427; x_wconf 89' lang='lat' dir='ltr'>dixit.</span> <span class='ocrx_word' id='word_1_64' title='bbox 904 397 977 434; x_wconf 92' lang='lat' dir='ltr'>Quo</span> <span class='ocrx_word' id='word_1_65' title='bbox 1020 397 1089 428; x_wconf 88' lang='lat' dir='ltr'>nihil</span> <span class='ocrx_word' id='word_1_66' title='bbox 1131 397 1249 428; x_wconf 83' lang='lat' dir='ltr'>facilius</span> <span class='ocrx_word' id='word_1_67' title='bbox 1295 400 1400 434; x_wconf 90' lang='lat' dir='ltr'>potest</span> <span class='ocrx_word' id='word_1_68' title='bbox 1443 395 1599 433; x_wconf 89' lang='lat' dir='ltr'>explicari,</span> <span class='ocrx_word' id='word_1_69' title='bbox 1644 404 1716 426; x_wconf 92' lang='lat' dir='ltr'>cum</span> 
     </span>
     <span class='ocr_line' id='line_1_9' title="bbox 39 436 1716 475; baseline -0.002 -5"><span class='ocrx_word' id='word_1_70' title='bbox 39 443 146 470; x_wconf 89' lang='lat' dir='ltr'>noster</span> <span class='ocrx_word' id='word_1_71' title='bbox 182 447 220 469; x_wconf 91' lang='lat' dir='ltr'>ex</span> <span class='ocrx_word' id='word_1_72' title='bbox 257 436 469 475; x_wconf 86' lang='lat' dir='ltr'>compluribus</span> <span class='ocrx_word' id='word_1_73' title='bbox 513 437 711 467; x_wconf 57' lang='lat' dir='ltr'>auctoribus*</span> <span class='ocrx_word' id='word_1_74' title='bbox 737 438 880 474; x_wconf 84' lang='lat' dir='ltr'>pendeat.</span> <span class='ocrx_word' id='word_1_75' title='bbox 936 438 1158 469; x_wconf 87' lang='lat' dir='ltr'>Adnotandum</span> <span class='ocrx_word' id='word_1_76' title='bbox 1200 442 1302 468; x_wconf 88' lang='lat' dir='ltr'>autem</span> <span class='ocrx_word' id='word_1_77' title='bbox 1347 441 1395 468; x_wconf 90' lang='lat' dir='ltr'>est</span> <span class='ocrx_word' id='word_1_78' title='bbox 1432 436 1716 474; x_wconf 90' lang='lat' dir='ltr'>Umpfenbachium</span> 
     </span>
     <span class='ocr_line' id='line_1_10' title="bbox 39 477 1715 517; baseline -0.002 -6"><span class='ocrx_word' id='word_1_79' title='bbox 39 480 189 512; x_wconf 84' lang='lat' dir='ltr'>Serviana</span> <span class='ocrx_word' id='word_1_80' title='bbox 222 480 260 509; x_wconf 89' lang='lat' dir='ltr'>ab</span> <span class='ocrx_word' id='word_1_81' title='bbox 295 478 484 516; x_wconf 82' lang='lat' dir='ltr'>interpolatis</span> <span class='ocrx_word' id='word_1_82' title='bbox 518 486 579 508; x_wconf 92' lang='lat' dir='ltr'>non</span> <span class='ocrx_word' id='word_1_83' title='bbox 613 478 804 509; x_wconf 86' lang='lat' dir='ltr'>distinxisse.</span> <span class='ocrx_word' id='word_1_84' title='bbox 843 496 872 499; x_wconf 88' lang='lat'>—</span> <span class='ocrx_word' id='word_1_85' title='bbox 910 479 1004 516; x_wconf 90' lang='lat' dir='ltr'>Quod</span> <span class='ocrx_word' id='word_1_86' title='bbox 1038 479 1306 517; x_wconf 90' lang='lat' dir='ltr'>Umpfenbachius</span> <span class='ocrx_word' id='word_1_87' title='bbox 1341 479 1392 509; x_wconf 80' lang='lat' dir='ltr'>(cf.</span> <span class='ocrx_word' id='word_1_88' title='bbox 1422 479 1516 516; x_wconf 92' lang='lat' dir='ltr'>praef.</span> <span class='ocrx_word' id='word_1_89' title='bbox 1546 487 1575 515; x_wconf 93' lang='lat' dir='ltr'>p.</span> <span class='ocrx_word' id='word_1_90' title='bbox 1604 477 1715 508; x_wconf 75' lang='lat' dir='ltr'><strong>LXIV)</strong></span> 
     </span>
    </p>
   </div>
   <div class='ocr_carea' id='block_1_4' title="bbox 39 518 1715 620">
    <p class='ocr_par' dir='ltr' id='par_1_4' title="bbox 39 518 1715 620">
     <span class='ocr_line' id='line_1_11' title="bbox 39 518 1715 582; baseline -0.002 -5"><span class='ocrx_word' id='word_1_91' title='bbox 39 545 182 577; x_wconf 84' lang='lat' dir='ltr'>Servium</span> <span class='ocrx_word' id='word_1_92' title='bbox 206 553 372 582; x_wconf 85' lang='lat' dir='ltr'>numquam</span> <span class='ocrx_word' id='word_1_93' title='bbox 396 553 465 575; x_wconf 90' lang='lat' dir='ltr'>cum</span> <span class='ocrx_word' id='word_1_94' title='bbox 488 518 527 569; x_wconf 79' lang='grc' dir='ltr'>Α</span> <span class='ocrx_word' id='word_1_95' title='bbox 550 544 630 578; x_wconf 84' lang='grc'>5010,</span> <span class='ocrx_word' id='word_1_96' title='bbox 654 552 748 581; x_wconf 85' lang='lat' dir='ltr'>quem</span> <span class='ocrx_word' id='word_1_97' title='bbox 772 545 865 581; x_wconf 89' lang='lat' dir='ltr'>praef.</span> <span class='ocrx_word' id='word_1_98' title='bbox 888 554 917 582; x_wconf 89' lang='lat' dir='ltr'>p.</span> <span class='ocrx_word' id='word_1_99' title='bbox 940 544 1061 576; x_wconf 85' lang='lat' dir='ltr'>lV—IX</span> <span class='ocrx_word' id='word_1_100' title='bbox 1085 545 1242 579; x_wconf 81' lang='lat' dir='ltr'>describit,</span> <span class='ocrx_word' id='word_1_101' title='bbox 1272 545 1375 575; x_wconf 88' lang='lat' dir='ltr'>facere</span> <span class='ocrx_word' id='word_1_102' title='bbox 1399 544 1582 575; x_wconf 85' lang='lat' dir='ltr'>observavit</span> <span class='ocrx_word' id='word_1_103' title='bbox 1605 544 1663 574; x_wconf 85' lang='lat' dir='ltr'>nisi</span> <span class='ocrx_word' id='word_1_104' title='bbox 1686 543 1715 573; x_wconf 93' lang='lat' dir='ltr'>in</span> 
     </span>
     <span class='ocr_line' id='line_1_12' title="bbox 42 584 1715 620; baseline -0.002 -3"><span class='ocrx_word' id='word_1_105' title='bbox 42 588 126 617; x_wconf 78' lang='lat' dir='ltr'>“me“</span> <span class='ocrx_word' id='word_1_106' title='bbox 153 587 274 616; x_wconf 89' lang='lat' dir='ltr'>omisso</span> <span class='ocrx_word' id='word_1_107' title='bbox 298 585 406 616; x_wconf 78' lang='lat' dir='ltr'>l&#39;leaut.</span> <span class='ocrx_word' id='word_1_108' title='bbox 449 584 529 615; x_wconf 87' lang='lat' dir='ltr'>Tim.</span> <span class='ocrx_word' id='word_1_109' title='bbox 547 585 565 618; x_wconf 90' lang='lat'>1,</span> <span class='ocrx_word' id='word_1_110' title='bbox 587 591 610 619; x_wconf 94' lang='lat'>1,</span> <span class='ocrx_word' id='word_1_111' title='bbox 632 589 695 619; x_wconf 88' lang='lat'>120,</span> <span class='ocrx_word' id='word_1_112' title='bbox 719 594 778 615; x_wconf 91' lang='lat' dir='ltr'>nos</span> <span class='ocrx_word' id='word_1_113' title='bbox 801 585 944 616; x_wconf 80' lang='lat' dir='ltr'>addimu&#39;s</span> <span class='ocrx_word' id='word_1_114' title='bbox 967 585 1109 617; x_wconf 85' lang='lat' dir='ltr'>Servium</span> <span class='ocrx_word' id='word_1_115' title='bbox 1134 587 1223 616; x_wconf 89' lang='lat' dir='ltr'>etiam</span> <span class='ocrx_word' id='word_1_116' title='bbox 1247 586 1369 616; x_wconf 74' lang='lat' dir='ltr'>phorm.</span> <span class='ocrx_word' id='word_1_117' title='bbox 1392 585 1411 619; x_wconf 91' lang='lat'>1,</span> <span class='ocrx_word' id='word_1_118' title='bbox 1434 590 1462 620; x_wconf 87' lang='lat'>2,</span> <span class='ocrx_word' id='word_1_119' title='bbox 1487 590 1525 615; x_wconf 84' lang='lat'>24</span> <span class='ocrx_word' id='word_1_120' title='bbox 1549 594 1619 615; x_wconf 91' lang='lat' dir='ltr'>cum</span> <span class='ocrx_word' id='word_1_121' title='bbox 1643 585 1715 614; x_wconf 89' lang='lat' dir='ltr'>solo</span> 
     </span>
    </p>
   </div>
   <div class='ocr_carea' id='block_1_5' title="bbox 0 625 1714 2378">
    <p class='ocr_par' dir='ltr' id='par_1_5' title="bbox 0 625 1714 2378">
     <span class='ocr_line' id='line_1_13' title="bbox 37 625 1710 688; baseline -0.002 -5"><span class='ocrx_word' id='word_1_122' title='bbox 37 630 75 678; x_wconf 74' lang='grc' dir='ltr'>Α</span> <span class='ocrx_word' id='word_1_123' title='bbox 101 652 183 683; x_wconf 74' lang='lat' dir='ltr'>“ius“</span> <span class='ocrx_word' id='word_1_124' title='bbox 211 651 360 682; x_wconf 92' lang='lat' dir='ltr'>omisisse</span> <span class='ocrx_word' id='word_1_125' title='bbox 384 651 434 681; x_wconf 80' lang='lat' dir='ltr'>(cf.</span> <span class='ocrx_word' id='word_1_126' title='bbox 451 650 489 681; x_wconf 98' lang='lat' dir='ltr'>A.</span> <span class='ocrx_word' id='word_1_127' title='bbox 506 650 554 685; x_wconf 86' lang='grc' dir='ltr'>ΧΙ,</span> <span class='ocrx_word' id='word_1_128' title='bbox 578 653 650 686; x_wconf 79' lang='lat'><strong>699)</strong></span> <span class='ocrx_word' id='word_1_129' title='bbox 675 654 704 681; x_wconf 88' lang='lat' dir='ltr'>et</span> <span class='ocrx_word' id='word_1_130' title='bbox 727 658 796 681; x_wconf 87' lang='lat' dir='ltr'>eum</span> <span class='ocrx_word' id='word_1_131' title='bbox 819 649 939 682; x_wconf 76' lang='lat' dir='ltr'>phorm.</span> <span class='ocrx_word' id='word_1_132' title='bbox 963 650 981 686; x_wconf 92' lang='lat' dir='ltr'>l,</span> <span class='ocrx_word' id='word_1_133' title='bbox 1008 656 1072 686; x_wconf 90' lang='lat'>1,10</span> <span class='ocrx_word' id='word_1_134' title='bbox 1095 660 1164 683; x_wconf 92' lang='lat' dir='ltr'>cum</span> <span class='ocrx_word' id='word_1_135' title='bbox 1187 652 1258 683; x_wconf 89' lang='lat' dir='ltr'>solo</span> <span class='ocrx_word' id='word_1_136' title='bbox 1276 625 1315 677; x_wconf 79' lang='grc' dir='ltr'>Α</span> <span class='ocrx_word' id='word_1_137' title='bbox 1339 650 1465 682; x_wconf 81' lang='lat' dir='ltr'>“suum“</span> <span class='ocrx_word' id='word_1_138' title='bbox 1497 659 1552 688; x_wconf 84' lang='lat' dir='ltr'>pro</span> <span class='ocrx_word' id='word_1_139' title='bbox 1583 650 1710 680; x_wconf 68' lang='lat' dir='ltr'>‘suom‘</span> 
     </span>
     <span class='ocr_line' id='line_1_14' title="bbox 38 691 1714 731; baseline -0.002 -6"><span class='ocrx_word' id='word_1_140' title='bbox 38 694 210 731; x_wconf 90' lang='lat' dir='ltr'>scripsisse</span> <span class='ocrx_word' id='word_1_141' title='bbox 234 693 284 724; x_wconf 76' lang='lat' dir='ltr'>(cf.</span> <span class='ocrx_word' id='word_1_142' title='bbox 302 692 334 723; x_wconf 83' lang='lat' dir='ltr'>S.</span> <span class='ocrx_word' id='word_1_143' title='bbox 352 691 390 723; x_wconf 80' lang='lat' dir='ltr'>G.</span> <span class='ocrx_word' id='word_1_144' title='bbox 408 692 425 727; x_wconf 84' lang='lat'>1,</span> <span class='ocrx_word' id='word_1_145' title='bbox 443 696 524 727; x_wconf 82' lang='lat'>302).</span> <span class='ocrx_word' id='word_1_146' title='bbox 559 691 733 723; x_wconf 88' lang='lat' dir='ltr'>Concentui</span> <span class='ocrx_word' id='word_1_147' title='bbox 755 696 857 723; x_wconf 92' lang='lat' dir='ltr'>autem</span> <span class='ocrx_word' id='word_1_148' title='bbox 877 691 975 723; x_wconf 86' lang='lat' dir='ltr'>Servii</span> <span class='ocrx_word' id='word_1_149' title='bbox 998 698 1090 730; x_wconf 90' lang='lat' dir='ltr'>atque</span> <span class='ocrx_word' id='word_1_150' title='bbox 1113 694 1234 725; x_wconf 88' lang='lat' dir='ltr'>codicis</span> <span class='ocrx_word' id='word_1_151' title='bbox 1252 692 1418 724; x_wconf 90' lang='lat' dir='ltr'>Victoriani</span> <span class='ocrx_word' id='word_1_152' title='bbox 1442 691 1488 729; x_wconf 66' lang='lat' dir='ltr'>(D)</span> <span class='ocrx_word' id='word_1_153' title='bbox 1512 697 1541 722; x_wconf 87' lang='lat' dir='ltr'>et</span> <span class='ocrx_word' id='word_1_154' title='bbox 1559 691 1714 722; x_wconf 89' lang='lat' dir='ltr'>Decurtati</span> 
     </span>
     <span class='ocr_line' id='line_1_15' title="bbox 38 732 1712 770; baseline -0.002 -6"><span class='ocrx_word' id='word_1_155' title='bbox 38 733 93 769; x_wconf 63' lang='lat' dir='ltr'>(G),</span> <span class='ocrx_word' id='word_1_156' title='bbox 110 742 192 770; x_wconf 90' lang='lat' dir='ltr'>quos</span> <span class='ocrx_word' id='word_1_157' title='bbox 210 733 475 770; x_wconf 88' lang='lat' dir='ltr'>Umpfenbachius</span> <span class='ocrx_word' id='word_1_158' title='bbox 492 733 542 763; x_wconf 82' lang='lat' dir='ltr'>(cf.</span> <span class='ocrx_word' id='word_1_159' title='bbox 561 733 653 769; x_wconf 89' lang='lat' dir='ltr'>praef.</span> <span class='ocrx_word' id='word_1_160' title='bbox 671 741 700 769; x_wconf 93' lang='lat' dir='ltr'>p.</span> <span class='ocrx_word' id='word_1_161' title='bbox 716 732 956 763; x_wconf 71' lang='lat' dir='ltr'>XVIII—XXIII)</span> <span class='ocrx_word' id='word_1_162' title='bbox 973 734 1129 769; x_wconf 83' lang='lat' dir='ltr'>describit,</span> <span class='ocrx_word' id='word_1_163' title='bbox 1153 735 1222 764; x_wconf 87' lang='lat' dir='ltr'>nihil</span> <span class='ocrx_word' id='word_1_164' title='bbox 1237 733 1432 764; x_wconf 89' lang='lat' dir='ltr'>tribuendum</span> <span class='ocrx_word' id='word_1_165' title='bbox 1456 741 1533 763; x_wconf 89' lang='lat' dir='ltr'>esse</span> <span class='ocrx_word' id='word_1_166' title='bbox 1557 733 1640 762; x_wconf 90' lang='lat' dir='ltr'>idem</span> <span class='ocrx_word' id='word_1_167' title='bbox 1659 733 1712 765; x_wconf 71' lang='lat' dir='ltr'>(cf.</span> 
     </span>
     <span class='ocr_line' id='line_1_16' title="bbox 39 772 1713 812; baseline -0.001 -7"><span class='ocrx_word' id='word_1_168' title='bbox 39 774 133 811; x_wconf 79' lang='lat' dir='ltr'>praef.</span> <span class='ocrx_word' id='word_1_169' title='bbox 151 782 179 811; x_wconf 89' lang='lat' dir='ltr'>p.</span> <span class='ocrx_word' id='word_1_170' title='bbox 197 772 329 808; x_wconf 81' lang='lat' dir='ltr'>LXVIII)</span> <span class='ocrx_word' id='word_1_171' title='bbox 346 781 396 803; x_wconf 91' lang='lat' dir='ltr'>me</span> <span class='ocrx_word' id='word_1_172' title='bbox 413 773 527 807; x_wconf 84' lang='lat' dir='ltr'>docuit,</span> <span class='ocrx_word' id='word_1_173' title='bbox 552 781 621 803; x_wconf 90' lang='lat' dir='ltr'>cum</span> <span class='ocrx_word' id='word_1_174' title='bbox 640 773 805 803; x_wconf 83' lang='lat' dir='ltr'>Victoriam</span> <span class='ocrx_word' id='word_1_175' title='bbox 822 778 851 803; x_wconf 89' lang='lat' dir='ltr'>et</span> <span class='ocrx_word' id='word_1_176' title='bbox 868 772 1019 804; x_wconf 90' lang='lat' dir='ltr'>Decurtati</span> <span class='ocrx_word' id='word_1_177' title='bbox 1037 776 1202 812; x_wconf 87' lang='lat' dir='ltr'>exemplar,</span> <span class='ocrx_word' id='word_1_178' title='bbox 1226 773 1410 805; x_wconf 86' lang='lat' dir='ltr'>correcturis</span> <span class='ocrx_word' id='word_1_179' title='bbox 1432 777 1461 804; x_wconf 88' lang='lat' dir='ltr'>et</span> <span class='ocrx_word' id='word_1_180' title='bbox 1482 773 1713 804; x_wconf 87' lang='lat' dir='ltr'>adnotamentis</span> 
     </span>
     <span class='ocr_line' id='line_1_17' title="bbox 40 814 1712 854; baseline -0.001 -7"><span class='ocrx_word' id='word_1_181' title='bbox 40 815 281 850; x_wconf 88' lang='lat' dir='ltr'>refertissimum,</span> <span class='ocrx_word' id='word_1_182' title='bbox 298 823 316 846; x_wconf 86' lang='lat' dir='ltr'>a</span> <span class='ocrx_word' id='word_1_183' title='bbox 336 814 537 852; x_wconf 73' lang='lat' dir='ltr'>grammatico</span> <span class='ocrx_word' id='word_1_184' title='bbox 554 814 691 853; x_wconf 86' lang='lat' dir='ltr'>quodam</span> <span class='ocrx_word' id='word_1_185' title='bbox 713 818 810 845; x_wconf 89' lang='lat' dir='ltr'>ortum</span> <span class='ocrx_word' id='word_1_186' title='bbox 833 823 907 846; x_wconf 90' lang='lat' dir='ltr'>esse</span> <span class='ocrx_word' id='word_1_187' title='bbox 924 815 1049 850; x_wconf 89' lang='lat' dir='ltr'>diceret,</span> <span class='ocrx_word' id='word_1_188' title='bbox 1072 816 1123 854; x_wconf 87' lang='lat' dir='ltr'>qui</span> <span class='ocrx_word' id='word_1_189' title='bbox 1147 815 1266 848; x_wconf 87' lang='lat' dir='ltr'>Servii</span> <span class='ocrx_word' id='word_1_190' title='bbox 1290 815 1487 847; x_wconf 89' lang='lat' dir='ltr'>commenti</span> <span class='ocrx_word' id='word_1_191' title='bbox 1512 814 1712 852; x_wconf 78' lang='lat' dir='ltr'>Vergiliani</span> 
     </span>
     <span class='ocr_line' id='line_1_18' title="bbox 37 856 1713 894; baseline -0.001 -7"><span class='ocrx_word' id='word_1_192' title='bbox 37 861 131 894; x_wconf 90' lang='lat' dir='ltr'>atque</span> <span class='ocrx_word' id='word_1_193' title='bbox 149 856 296 887; x_wconf 79' lang='lat' dir='ltr'>Prisciani</span> <span class='ocrx_word' id='word_1_194' title='bbox 313 856 393 887; x_wconf 90' lang='lat' dir='ltr'>haud</span> <span class='ocrx_word' id='word_1_195' title='bbox 410 857 544 893; x_wconf 76' lang='lat' dir='ltr'>ignarus,</span> <span class='ocrx_word' id='word_1_196' title='bbox 562 856 690 887; x_wconf 74' lang='lat' dir='ltr'>“Donati</span> <span class='ocrx_word' id='word_1_197' title='bbox 707 860 925 890; x_wconf 89' lang='lat' dir='ltr'>commentum,</span> <span class='ocrx_word' id='word_1_198' title='bbox 944 862 1120 894; x_wconf 88' lang='lat' dir='ltr'>excerptum</span> <span class='ocrx_word' id='word_1_199' title='bbox 1139 863 1168 888; x_wconf 91' lang='lat' dir='ltr'>et</span> <span class='ocrx_word' id='word_1_200' title='bbox 1183 858 1416 894; x_wconf 89' lang='lat' dir='ltr'>transscriptum</span> <span class='ocrx_word' id='word_1_201' title='bbox 1433 857 1504 887; x_wconf 90' lang='lat' dir='ltr'>illud</span> <span class='ocrx_word' id='word_1_202' title='bbox 1521 857 1549 886; x_wconf 93' lang='lat' dir='ltr'>in</span> <span class='ocrx_word' id='word_1_203' title='bbox 1566 856 1713 886; x_wconf 89' lang='lat' dir='ltr'>codicem</span> 
     </span>
     <span class='ocr_line' id='line_1_19' title="bbox 38 896 1712 934; baseline -0.001 -7"><span class='ocrx_word' id='word_1_204' title='bbox 38 897 257 928; x_wconf 89' lang='lat' dir='ltr'>Terentianum</span> <span class='ocrx_word' id='word_1_205' title='bbox 288 906 326 927; x_wconf 87' lang='lat' dir='ltr'>ex</span> <span class='ocrx_word' id='word_1_206' title='bbox 357 897 478 931; x_wconf 89' lang='lat' dir='ltr'>eadem,</span> <span class='ocrx_word' id='word_1_207' title='bbox 507 897 545 927; x_wconf 92' lang='lat' dir='ltr'>ad</span> <span class='ocrx_word' id='word_1_208' title='bbox 570 906 662 934; x_wconf 89' lang='lat' dir='ltr'>quam</span> <span class='ocrx_word' id='word_1_209' title='bbox 687 896 858 927; x_wconf 83' lang='lat' dir='ltr'>Bembinus</span> <span class='ocrx_word' id='word_1_210' title='bbox 882 898 1019 934; x_wconf 77' lang='lat' dir='ltr'>pertinet,</span> <span class='ocrx_word' id='word_1_211' title='bbox 1047 898 1154 929; x_wconf 85' lang='lat' dir='ltr'>familia</span> <span class='ocrx_word' id='word_1_212' title='bbox 1179 898 1356 928; x_wconf 59' lang='lat' dir='ltr'>oriundum*</span> <span class='ocrx_word' id='word_1_213' title='bbox 1383 897 1456 934; x_wconf 84' lang='lat' dir='ltr'>legit</span> <span class='ocrx_word' id='word_1_214' title='bbox 1482 902 1575 933; x_wconf 91' lang='lat' dir='ltr'>atque</span> <span class='ocrx_word' id='word_1_215' title='bbox 1605 905 1643 926; x_wconf 91' lang='lat' dir='ltr'>ex</span> <span class='ocrx_word' id='word_1_216' title='bbox 1673 905 1712 926; x_wconf 87' lang='lat' dir='ltr'>eo</span> 
     </span>
     <span class='ocr_line' id='line_1_20' title="bbox 0 937 1712 976; baseline -0.001 -8"><span class='ocrx_word' id='word_1_217' title='bbox 0 937 14 957; x_wconf 69' lang='lat'>3&#39;</span> <span class='ocrx_word' id='word_1_218' title='bbox 37 946 117 975; x_wconf 86' lang='lat' dir='ltr'>quae</span> <span class='ocrx_word' id='word_1_219' title='bbox 141 938 201 975; x_wconf 90' lang='lat' dir='ltr'>ipsi</span> <span class='ocrx_word' id='word_1_220' title='bbox 218 938 382 975; x_wconf 88' lang='lat' dir='ltr'>placebant</span> <span class='ocrx_word' id='word_1_221' title='bbox 404 937 433 967; x_wconf 92' lang='lat' dir='ltr'>in</span> <span class='ocrx_word' id='word_1_222' title='bbox 458 938 616 975; x_wconf 89' lang='lat' dir='ltr'>exemplar</span> <span class='ocrx_word' id='word_1_223' title='bbox 631 938 791 975; x_wconf 86' lang='lat' dir='ltr'>quoddam</span> <span class='ocrx_word' id='word_1_224' title='bbox 816 938 1010 969; x_wconf 91' lang='lat' dir='ltr'>recensionis</span> <span class='ocrx_word' id='word_1_225' title='bbox 1027 937 1236 976; x_wconf 87' lang='lat' dir='ltr'>Calliopianae</span> <span class='ocrx_word' id='word_1_226' title='bbox 1252 938 1409 969; x_wconf 88' lang='lat' dir='ltr'>transtulit.</span> <span class='ocrx_word' id='word_1_227' title='bbox 1447 937 1539 969; x_wconf 89' lang='lat' dir='ltr'>Unde</span> <span class='ocrx_word' id='word_1_228' title='bbox 1556 946 1712 968; x_wconf 89' lang='lat' dir='ltr'>summum</span> 
     </span>
     <span class='ocr_line' id='line_1_21' title="bbox 38 978 1711 1016; baseline 0 -7"><span class='ocrx_word' id='word_1_229' title='bbox 38 979 157 1009; x_wconf 86' lang='lat' dir='ltr'>errandi</span> <span class='ocrx_word' id='word_1_230' title='bbox 182 979 348 1016; x_wconf 89' lang='lat' dir='ltr'>periculum</span> <span class='ocrx_word' id='word_1_231' title='bbox 374 983 431 1012; x_wconf 88' lang='lat' dir='ltr'>est,</span> <span class='ocrx_word' id='word_1_232' title='bbox 456 987 493 1010; x_wconf 90' lang='lat' dir='ltr'>ne</span> <span class='ocrx_word' id='word_1_233' title='bbox 517 978 661 1009; x_wconf 85' lang='lat' dir='ltr'>Servium</span> <span class='ocrx_word' id='word_1_234' title='bbox 685 987 755 1009; x_wconf 92' lang='lat' dir='ltr'>cum</span> <span class='ocrx_word' id='word_1_235' title='bbox 779 978 891 1009; x_wconf 86' lang='lat' dir='ltr'>Servio</span> <span class='ocrx_word' id='word_1_236' title='bbox 915 980 1089 1010; x_wconf 90' lang='lat' dir='ltr'>consentire</span> <span class='ocrx_word' id='word_1_237' title='bbox 1113 981 1263 1010; x_wconf 89' lang='lat' dir='ltr'>dicamus.</span> <span class='ocrx_word' id='word_1_238' title='bbox 1292 997 1321 999; x_wconf 97' lang='lat'><strong>—</strong></span> <span class='ocrx_word' id='word_1_239' title='bbox 1349 979 1408 1009; x_wconf 91' lang='lat' dir='ltr'>lam</span> <span class='ocrx_word' id='word_1_240' title='bbox 1432 978 1502 1008; x_wconf 92' lang='lat' dir='ltr'>nihil</span> <span class='ocrx_word' id='word_1_241' title='bbox 1526 979 1711 1015; x_wconf 75' lang='lat' dir='ltr'>relinquitur,</span> 
     </span>
     <span class='ocr_line' id='line_1_22' title="bbox 37 1018 1711 1057; baseline 0 -8"><span class='ocrx_word' id='word_1_242' title='bbox 37 1020 93 1050; x_wconf 88' lang='lat' dir='ltr'>nisi</span> <span class='ocrx_word' id='word_1_243' title='bbox 117 1024 148 1049; x_wconf 90' lang='lat' dir='ltr'>ut</span> <span class='ocrx_word' id='word_1_244' title='bbox 170 1024 308 1049; x_wconf 90' lang='lat' dir='ltr'>nostrum</span> <span class='ocrx_word' id='word_1_245' title='bbox 331 1018 466 1049; x_wconf 90' lang='lat' dir='ltr'>Terentii</span> <span class='ocrx_word' id='word_1_246' title='bbox 490 1020 516 1049; x_wconf 91' lang='lat' dir='ltr'>si</span> <span class='ocrx_word' id='word_1_247' title='bbox 547 1028 608 1049; x_wconf 90' lang='lat' dir='ltr'>non</span> <span class='ocrx_word' id='word_1_248' title='bbox 637 1028 748 1049; x_wconf 87' lang='lat' dir='ltr'>omnes</span> <span class='ocrx_word' id='word_1_249' title='bbox 778 1020 906 1053; x_wconf 89' lang='lat' dir='ltr'>fabulas,</span> <span class='ocrx_word' id='word_1_250' title='bbox 935 1024 964 1050; x_wconf 88' lang='lat' dir='ltr'>at</span> <span class='ocrx_word' id='word_1_251' title='bbox 992 1021 1099 1051; x_wconf 91' lang='lat' dir='ltr'>saltem</span> <span class='ocrx_word' id='word_1_252' title='bbox 1124 1022 1301 1057; x_wconf 88' lang='lat' dir='ltr'>complures</span> <span class='ocrx_word' id='word_1_253' title='bbox 1332 1020 1359 1050; x_wconf 90' lang='lat' dir='ltr'>in</span> <span class='ocrx_word' id='word_1_254' title='bbox 1390 1019 1532 1050; x_wconf 89' lang='lat' dir='ltr'>manibus</span> <span class='ocrx_word' id='word_1_255' title='bbox 1561 1019 1711 1049; x_wconf 89' lang='lat' dir='ltr'>habuisse</span> 
     </span>
     <span class='ocr_line' id='line_1_23' title="bbox 36 1059 1711 1098; baseline 0 -8"><span class='ocrx_word' id='word_1_256' title='bbox 36 1068 230 1090; x_wconf 89' lang='lat' dir='ltr'>moneamus.</span> <span class='ocrx_word' id='word_1_257' title='bbox 283 1059 432 1097; x_wconf 68' lang='lat' dir='ltr'>Legimus</span> <span class='ocrx_word' id='word_1_258' title='bbox 467 1060 546 1090; x_wconf 92' lang='lat' dir='ltr'>enim</span> <span class='ocrx_word' id='word_1_259' title='bbox 581 1060 663 1098; x_wconf 90' lang='lat' dir='ltr'>apud</span> <span class='ocrx_word' id='word_1_260' title='bbox 694 1060 837 1091; x_wconf 84' lang='lat' dir='ltr'>Servium</span> <span class='ocrx_word' id='word_1_261' title='bbox 872 1060 911 1091; x_wconf 89' lang='lat' dir='ltr'>ad</span> <span class='ocrx_word' id='word_1_262' title='bbox 940 1060 978 1090; x_wconf 94' lang='lat' dir='ltr'>A.</span> <span class='ocrx_word' id='word_1_263' title='bbox 1008 1060 1055 1095; x_wconf 86' lang='grc' dir='ltr'>ΧΙ,</span> <span class='ocrx_word' id='word_1_264' title='bbox 1090 1066 1147 1093; x_wconf 83' lang='grc'>704</span> <span class='ocrx_word' id='word_1_265' title='bbox 1176 1061 1252 1092; x_wconf 90' lang='lat' dir='ltr'>haec</span> <span class='ocrx_word' id='word_1_266' title='bbox 1285 1061 1331 1091; x_wconf 76' lang='lat' dir='ltr'>“in</span> <span class='ocrx_word' id='word_1_267' title='bbox 1358 1060 1506 1091; x_wconf 89' lang='lat' dir='ltr'>Terentio</span> <span class='ocrx_word' id='word_1_268' title='bbox 1543 1064 1711 1097; x_wconf 86' lang='lat' dir='ltr'>postquam</span> 
     </span>
     <span class='ocr_line' id='line_1_24' title="bbox 36 1100 1711 1140; baseline 0 -8"><span class='ocrx_word' id='word_1_269' title='bbox 36 1102 76 1132; x_wconf 89' lang='lat' dir='ltr'>de</span> <span class='ocrx_word' id='word_1_270' title='bbox 113 1101 240 1132; x_wconf 89' lang='lat' dir='ltr'>domino</span> <span class='ocrx_word' id='word_1_271' title='bbox 278 1102 351 1132; x_wconf 90' lang='lat' dir='ltr'>dixit</span> <span class='ocrx_word' id='word_1_272' title='bbox 387 1110 502 1132; x_wconf 90' lang='lat' dir='ltr'>servus</span> <span class='ocrx_word' id='word_1_273' title='bbox 535 1102 682 1136; x_wconf 72' lang='lat' dir='ltr'>&#39;‘astute“‚</span> <span class='ocrx_word' id='word_1_274' title='bbox 713 1102 760 1132; x_wconf 94' lang='lat' dir='ltr'>ille</span> <span class='ocrx_word' id='word_1_275' title='bbox 796 1101 887 1132; x_wconf 87' lang='lat' dir='ltr'>iratus</span> <span class='ocrx_word' id='word_1_276' title='bbox 924 1102 963 1133; x_wconf 89' lang='lat' dir='ltr'>ait</span> <span class='ocrx_word' id='word_1_277' title='bbox 995 1103 1145 1134; x_wconf 78' lang='lat' dir='ltr'>‘carnifex</span> <span class='ocrx_word' id='word_1_278' title='bbox 1178 1111 1258 1140; x_wconf 89' lang='lat' dir='ltr'>quae</span> <span class='ocrx_word' id='word_1_279' title='bbox 1292 1100 1465 1140; x_wconf 74' lang='lat' dir='ltr'>loquitur?“</span> <span class='ocrx_word' id='word_1_280' title='bbox 1504 1101 1554 1132; x_wconf 74' lang='lat' dir='ltr'>(cf.</span> <span class='ocrx_word' id='word_1_281' title='bbox 1584 1100 1711 1132; x_wconf 90' lang='lat' dir='ltr'>Terent.</span> 
     </span>
     <span class='ocr_line' id='line_1_25' title="bbox 35 1142 1710 1180; baseline 0 -7"><span class='ocrx_word' id='word_1_282' title='bbox 35 1143 130 1173; x_wconf 90' lang='lat' dir='ltr'>Andr.</span> <span class='ocrx_word' id='word_1_283' title='bbox 155 1142 173 1175; x_wconf 83' lang='lat'>1.</span> <span class='ocrx_word' id='word_1_284' title='bbox 197 1147 224 1176; x_wconf 83' lang='lat'>2,</span> <span class='ocrx_word' id='word_1_285' title='bbox 252 1147 287 1173; x_wconf 89' lang='lat'>12</span> <span class='ocrx_word' id='word_1_286' title='bbox 306 1143 433 1173; x_wconf 72' lang='lat' dir='ltr'>“astute</span> <span class='ocrx_word' id='word_1_287' title='bbox 451 1142 496 1174; x_wconf 85' lang='lat' dir='ltr'>Sl.</span> <span class='ocrx_word' id='word_1_288' title='bbox 513 1142 669 1174; x_wconf 88' lang='lat' dir='ltr'>Carnufex</span> <span class='ocrx_word' id='word_1_289' title='bbox 690 1152 771 1180; x_wconf 87' lang='lat' dir='ltr'>quae</span> <span class='ocrx_word' id='word_1_290' title='bbox 795 1143 994 1180; x_wconf 66' lang='lat' dir='ltr'>loquiturP²lz</span> <span class='ocrx_word' id='word_1_291' title='bbox 1018 1145 1056 1174; x_wconf 90' lang='lat' dir='ltr'>ad</span> <span class='ocrx_word' id='word_1_292' title='bbox 1080 1145 1117 1175; x_wconf 89' lang='lat' dir='ltr'>A.</span> <span class='ocrx_word' id='word_1_293' title='bbox 1141 1144 1159 1178; x_wconf 88' lang='grc' dir='ltr'>Ι,</span> <span class='ocrx_word' id='word_1_294' title='bbox 1182 1149 1242 1175; x_wconf 88' lang='grc'>410</span> <span class='ocrx_word' id='word_1_295' title='bbox 1268 1149 1315 1174; x_wconf 66' lang='lat' dir='ltr'>*ut</span> <span class='ocrx_word' id='word_1_296' title='bbox 1339 1144 1366 1174; x_wconf 93' lang='lat' dir='ltr'>in</span> <span class='ocrx_word' id='word_1_297' title='bbox 1390 1143 1539 1173; x_wconf 89' lang='lat' dir='ltr'>Terentio</span> <span class='ocrx_word' id='word_1_298' title='bbox 1563 1148 1649 1179; x_wconf 89' lang='lat' dir='ltr'>pater</span> <span class='ocrx_word' id='word_1_299' title='bbox 1670 1143 1710 1173; x_wconf 92' lang='lat' dir='ltr'>ad</span> 
     </span>
     <span class='ocr_line' id='line_1_26' title="bbox 36 1183 1710 1221; baseline 0.001 -8"><span class='ocrx_word' id='word_1_300' title='bbox 36 1183 126 1213; x_wconf 90' lang='lat' dir='ltr'>filium</span> <span class='ocrx_word' id='word_1_301' title='bbox 160 1184 249 1220; x_wconf 75' lang='lat' dir='ltr'>‘quid</span> <span class='ocrx_word' id='word_1_302' title='bbox 281 1192 329 1213; x_wconf 92' lang='lat' dir='ltr'>me</span> <span class='ocrx_word' id='word_1_303' title='bbox 360 1184 487 1214; x_wconf 85' lang='lat' dir='ltr'>incusas</span> <span class='ocrx_word' id='word_1_304' title='bbox 518 1183 694 1221; x_wconf 46' lang='lat' dir='ltr'>Clitipho?</span> <span class='ocrx_word' id='word_1_305' title='bbox 721 1184 772 1214; x_wconf 71' lang='lat' dir='ltr'>(cf.</span> <span class='ocrx_word' id='word_1_306' title='bbox 795 1183 866 1214; x_wconf 92' lang='lat' dir='ltr'>Ter.</span> <span class='ocrx_word' id='word_1_307' title='bbox 892 1184 1015 1215; x_wconf 82' lang='lat' dir='ltr'>lleaut.</span> <span class='ocrx_word' id='word_1_308' title='bbox 1037 1184 1126 1215; x_wconf 92' lang='lat' dir='ltr'>Tim.</span> <span class='ocrx_word' id='word_1_309' title='bbox 1151 1185 1186 1218; x_wconf 88' lang='lat' dir='ltr'>V,</span> <span class='ocrx_word' id='word_1_310' title='bbox 1210 1189 1236 1218; x_wconf 90' lang='grc'>2,</span> <span class='ocrx_word' id='word_1_311' title='bbox 1262 1190 1278 1214; x_wconf 91' lang='lat'><em>7</em></span> <span class='ocrx_word' id='word_1_312' title='bbox 1303 1184 1359 1214; x_wconf 91' lang='lat' dir='ltr'>Ch.</span> <span class='ocrx_word' id='word_1_313' title='bbox 1387 1184 1477 1220; x_wconf 76' lang='lat' dir='ltr'>“quid</span> <span class='ocrx_word' id='word_1_314' title='bbox 1502 1192 1552 1213; x_wconf 92' lang='lat' dir='ltr'>me</span> <span class='ocrx_word' id='word_1_315' title='bbox 1583 1184 1710 1214; x_wconf 88' lang='lat' dir='ltr'>incusas</span> 
     </span>
     <span class='ocr_line' id='line_1_27' title="bbox 36 1223 1710 1262; baseline 0 -7"><span class='ocrx_word' id='word_1_316' title='bbox 36 1223 240 1262; x_wconf 81' lang='lat' dir='ltr'>Clitiph0“?);</span> <span class='ocrx_word' id='word_1_317' title='bbox 273 1225 312 1255; x_wconf 91' lang='lat' dir='ltr'>ad</span> <span class='ocrx_word' id='word_1_318' title='bbox 341 1225 380 1255; x_wconf 91' lang='lat' dir='ltr'>A.</span> <span class='ocrx_word' id='word_1_319' title='bbox 403 1224 440 1259; x_wconf 82' lang='lat' dir='ltr'>X,</span> <span class='ocrx_word' id='word_1_320' title='bbox 468 1229 527 1256; x_wconf 87' lang='grc'>532</span> <span class='ocrx_word' id='word_1_321' title='bbox 554 1226 640 1256; x_wconf 80' lang='lat' dir='ltr'>“nam</span> <span class='ocrx_word' id='word_1_322' title='bbox 667 1225 817 1256; x_wconf 67' lang='lat' dir='ltr'>“liberos*&#39;</span> <span class='ocrx_word' id='word_1_323' title='bbox 845 1226 934 1256; x_wconf 88' lang='lat' dir='ltr'>etiam</span> <span class='ocrx_word' id='word_1_324' title='bbox 963 1235 1054 1257; x_wconf 90' lang='lat' dir='ltr'>unum</span> <span class='ocrx_word' id='word_1_325' title='bbox 1083 1226 1215 1258; x_wconf 90' lang='lat' dir='ltr'>dicimus</span> <span class='ocrx_word' id='word_1_326' title='bbox 1245 1226 1346 1260; x_wconf 86' lang='lat' dir='ltr'>filium,</span> <span class='ocrx_word' id='word_1_327' title='bbox 1373 1225 1456 1256; x_wconf 90' lang='lat' dir='ltr'>adeo</span> <span class='ocrx_word' id='word_1_328' title='bbox 1486 1230 1516 1255; x_wconf 90' lang='lat' dir='ltr'>ut</span> <span class='ocrx_word' id='word_1_329' title='bbox 1544 1224 1710 1255; x_wconf 88' lang='lat' dir='ltr'>Terentius</span> 
     </span>
     <span class='ocr_line' id='line_1_28' title="bbox 36 1265 1709 1305; baseline 0.001 -9"><span class='ocrx_word' id='word_1_330' title='bbox 36 1265 125 1296; x_wconf 87' lang='lat' dir='ltr'>etiam</span> <span class='ocrx_word' id='word_1_331' title='bbox 148 1266 237 1297; x_wconf 87' lang='lat' dir='ltr'>filiam</span> <span class='ocrx_word' id='word_1_332' title='bbox 264 1266 415 1297; x_wconf 59' lang='lat' dir='ltr'>‘liberos‘v</span> <span class='ocrx_word' id='word_1_333' title='bbox 441 1267 559 1302; x_wconf 79' lang='lat' dir='ltr'>dixerit,</span> <span class='ocrx_word' id='word_1_334' title='bbox 583 1272 613 1298; x_wconf 90' lang='lat' dir='ltr'>ut</span> <span class='ocrx_word' id='word_1_335' title='bbox 636 1267 663 1297; x_wconf 93' lang='lat' dir='ltr'>in</span> <span class='ocrx_word' id='word_1_336' title='bbox 688 1266 809 1305; x_wconf 78' lang='lat' dir='ltr'>Hecyra</span> <span class='ocrx_word' id='word_1_337' title='bbox 836 1267 904 1304; x_wconf 76' lang='lat' dir='ltr'>“qui</span> <span class='ocrx_word' id='word_1_338' title='bbox 928 1267 1007 1298; x_wconf 93' lang='lat' dir='ltr'>illum</span> <span class='ocrx_word' id='word_1_339' title='bbox 1031 1268 1155 1305; x_wconf 63' lang='lat' dir='ltr'>dignum</span> <span class='ocrx_word' id='word_1_340' title='bbox 1179 1268 1393 1302; x_wconf 82' lang='lat' dir='ltr'>decreverunt,</span> <span class='ocrx_word' id='word_1_341' title='bbox 1417 1275 1497 1298; x_wconf 88' lang='lat' dir='ltr'>suos</span> <span class='ocrx_word' id='word_1_342' title='bbox 1521 1267 1569 1297; x_wconf 91' lang='lat' dir='ltr'>cui</span> <span class='ocrx_word' id='word_1_343' title='bbox 1593 1267 1709 1297; x_wconf 88' lang='lat' dir='ltr'>liberos</span> 
     </span>
     <span class='ocr_line' id='line_1_29' title="bbox 35 1307 1709 1345; baseline 0 -9"><span class='ocrx_word' id='word_1_344' title='bbox 35 1307 296 1337; x_wconf 70' lang='lat' dir='ltr'>committerent“*&#39;</span> <span class='ocrx_word' id='word_1_345' title='bbox 317 1308 367 1341; x_wconf 81' lang='lat' dir='ltr'>(cf.</span> <span class='ocrx_word' id='word_1_346' title='bbox 382 1307 467 1338; x_wconf 72' lang='lat' dir='ltr'>liec.</span> <span class='ocrx_word' id='word_1_347' title='bbox 484 1308 514 1338; x_wconf 91' lang='grc' dir='ltr'>ΙΙ.</span> <span class='ocrx_word' id='word_1_348' title='bbox 532 1314 555 1342; x_wconf 91' lang='grc'>1,</span> <span class='ocrx_word' id='word_1_349' title='bbox 577 1313 610 1338; x_wconf 86' lang='grc'>15</span> <span class='ocrx_word' id='word_1_350' title='bbox 631 1309 699 1345; x_wconf 77' lang='lat' dir='ltr'>“qui</span> <span class='ocrx_word' id='word_1_351' title='bbox 716 1309 796 1338; x_wconf 90' lang='lat' dir='ltr'>illurn</span> <span class='ocrx_word' id='word_1_352' title='bbox 814 1308 976 1338; x_wconf 89' lang='lat' dir='ltr'>decrerunt</span> <span class='ocrx_word' id='word_1_353' title='bbox 992 1309 1126 1345; x_wconf 70' lang='lat' dir='ltr'>dignum,</span> <span class='ocrx_word' id='word_1_354' title='bbox 1143 1318 1220 1339; x_wconf 88' lang='lat' dir='ltr'>suos</span> <span class='ocrx_word' id='word_1_355' title='bbox 1238 1309 1285 1339; x_wconf 90' lang='lat' dir='ltr'>cui</span> <span class='ocrx_word' id='word_1_356' title='bbox 1302 1308 1418 1338; x_wconf 91' lang='lat' dir='ltr'>liberos</span> <span class='ocrx_word' id='word_1_357' title='bbox 1435 1308 1709 1342; x_wconf 49' lang='lat' dir='ltr'>committerent‘„</span> 
     </span>
     <span class='ocr_line' id='line_1_30' title="bbox 34 1346 1709 1387; baseline 0.001 -10"><span class='ocrx_word' id='word_1_358' title='bbox 34 1347 72 1378; x_wconf 89' lang='lat' dir='ltr'>cf.</span> <span class='ocrx_word' id='word_1_359' title='bbox 96 1346 129 1378; x_wconf 80' lang='lat' dir='ltr'>S.</span> <span class='ocrx_word' id='word_1_360' title='bbox 153 1346 229 1378; x_wconf 77' lang='lat' dir='ltr'>Buc.</span> <span class='ocrx_word' id='word_1_361' title='bbox 253 1347 324 1383; x_wconf 87' lang='lat' dir='ltr'>VIll,</span> <span class='ocrx_word' id='word_1_362' title='bbox 348 1352 387 1379; x_wconf 84' lang='lat'>43</span> <span class='ocrx_word' id='word_1_363' title='bbox 413 1361 447 1371; x_wconf 93' lang='lat'>=</span> <span class='ocrx_word' id='word_1_364' title='bbox 472 1348 557 1379; x_wconf 80' lang='lat' dir='ltr'>Eun.</span> <span class='ocrx_word' id='word_1_365' title='bbox 582 1348 618 1384; x_wconf 87' lang='lat' dir='ltr'>V,</span> <span class='ocrx_word' id='word_1_366' title='bbox 642 1353 670 1384; x_wconf 83' lang='lat'>8,</span> <span class='ocrx_word' id='word_1_367' title='bbox 694 1353 742 1379; x_wconf 84' lang='lat'>23.</span> <span class='ocrx_word' id='word_1_368' title='bbox 787 1347 917 1380; x_wconf 83' lang='lat' dir='ltr'>Servius</span> <span class='ocrx_word' id='word_1_369' title='bbox 941 1357 1043 1387; x_wconf 90' lang='lat' dir='ltr'>neque</span> <span class='ocrx_word' id='word_1_370' title='bbox 1071 1358 1108 1381; x_wconf 91' lang='lat' dir='ltr'>ea</span> <span class='ocrx_word' id='word_1_371' title='bbox 1130 1350 1235 1385; x_wconf 87' lang='lat' dir='ltr'>verba,</span> <span class='ocrx_word' id='word_1_372' title='bbox 1259 1357 1339 1387; x_wconf 88' lang='lat' dir='ltr'>quae</span> <span class='ocrx_word' id='word_1_373' title='bbox 1363 1348 1444 1384; x_wconf 90' lang='lat' dir='ltr'>fecit,</span> <span class='ocrx_word' id='word_1_374' title='bbox 1468 1356 1571 1386; x_wconf 89' lang='lat' dir='ltr'>neque</span> <span class='ocrx_word' id='word_1_375' title='bbox 1595 1356 1709 1379; x_wconf 90' lang='lat' dir='ltr'>versus</span> 
     </span>
     <span class='ocr_line' id='line_1_31' title="bbox 34 1388 1709 1428; baseline 0.001 -9"><span class='ocrx_word' id='word_1_376' title='bbox 34 1388 180 1423; x_wconf 84' lang='lat' dir='ltr'>Terentii,</span> <span class='ocrx_word' id='word_1_377' title='bbox 209 1398 291 1427; x_wconf 90' lang='lat' dir='ltr'>quos</span> <span class='ocrx_word' id='word_1_378' title='bbox 319 1390 422 1424; x_wconf 89' lang='lat' dir='ltr'>attulit,</span> <span class='ocrx_word' id='word_1_379' title='bbox 451 1391 567 1421; x_wconf 89' lang='lat' dir='ltr'>auctori</span> <span class='ocrx_word' id='word_1_380' title='bbox 597 1391 645 1421; x_wconf 91' lang='lat' dir='ltr'>ulli</span> <span class='ocrx_word' id='word_1_381' title='bbox 676 1391 793 1421; x_wconf 90' lang='lat' dir='ltr'>debere</span> <span class='ocrx_word' id='word_1_382' title='bbox 822 1395 941 1428; x_wconf 77' lang='lat' dir='ltr'>potest:</span> <span class='ocrx_word' id='word_1_383' title='bbox 971 1400 1039 1422; x_wconf 90' lang='lat' dir='ltr'>nam</span> <span class='ocrx_word' id='word_1_384' title='bbox 1067 1401 1085 1422; x_wconf 88' lang='lat' dir='ltr'>a</span> <span class='ocrx_word' id='word_1_385' title='bbox 1112 1392 1192 1422; x_wconf 90' lang='lat' dir='ltr'>nullo</span> <span class='ocrx_word' id='word_1_386' title='bbox 1221 1391 1306 1428; x_wconf 91' lang='lat' dir='ltr'>quod</span> <span class='ocrx_word' id='word_1_387' title='bbox 1337 1390 1483 1427; x_wconf 89' lang='lat' dir='ltr'>equidem</span> <span class='ocrx_word' id='word_1_388' title='bbox 1518 1390 1709 1420; x_wconf 91' lang='lat' dir='ltr'>meminerim</span> 
     </span>
     <span class='ocr_line' id='line_1_32' title="bbox 34 1430 1710 1469; baseline 0.001 -9"><span class='ocrx_word' id='word_1_389' title='bbox 34 1430 187 1467; x_wconf 86' lang='lat' dir='ltr'>scriptore</span> <span class='ocrx_word' id='word_1_390' title='bbox 210 1431 376 1461; x_wconf 82' lang='lat' dir='ltr'>fabularum</span> <span class='ocrx_word' id='word_1_391' title='bbox 400 1440 514 1462; x_wconf 91' lang='lat' dir='ltr'>versus</span> <span class='ocrx_word' id='word_1_392' title='bbox 537 1432 577 1462; x_wconf 86' lang='lat' dir='ltr'>ita</span> <span class='ocrx_word' id='word_1_393' title='bbox 605 1432 773 1465; x_wconf 87' lang='lat' dir='ltr'>laudantur,</span> <span class='ocrx_word' id='word_1_394' title='bbox 803 1438 833 1462; x_wconf 90' lang='lat' dir='ltr'>ut</span> <span class='ocrx_word' id='word_1_395' title='bbox 861 1432 1003 1468; x_wconf 76' lang='lat' dir='ltr'>singulae</span> <span class='ocrx_word' id='word_1_396' title='bbox 1026 1441 1180 1469; x_wconf 90' lang='lat' dir='ltr'>personae</span> <span class='ocrx_word' id='word_1_397' title='bbox 1202 1433 1277 1463; x_wconf 89' lang='lat' dir='ltr'>inter</span> <span class='ocrx_word' id='word_1_398' title='bbox 1300 1440 1337 1462; x_wconf 90' lang='lat' dir='ltr'>se</span> <span class='ocrx_word' id='word_1_399' title='bbox 1360 1435 1576 1464; x_wconf 84' lang='lat' dir='ltr'>secernantur;</span> <span class='ocrx_word' id='word_1_400' title='bbox 1605 1439 1710 1467; x_wconf 89' lang='lat' dir='ltr'>neque</span> 
     </span>
     <span class='ocr_line' id='line_1_33' title="bbox 34 1471 1709 1511; baseline 0.001 -11"><span class='ocrx_word' id='word_1_401' title='bbox 34 1479 71 1500; x_wconf 89' lang='lat' dir='ltr'>ex</span> <span class='ocrx_word' id='word_1_402' title='bbox 94 1471 164 1508; x_wconf 92' lang='lat' dir='ltr'>ipsa</span> <span class='ocrx_word' id='word_1_403' title='bbox 186 1471 352 1502; x_wconf 90' lang='lat' dir='ltr'>verborum</span> <span class='ocrx_word' id='word_1_404' title='bbox 376 1472 621 1509; x_wconf 89' lang='lat' dir='ltr'>interpunctione</span> <span class='ocrx_word' id='word_1_405' title='bbox 638 1472 771 1503; x_wconf 88' lang='lat' dir='ltr'>Servius</span> <span class='ocrx_word' id='word_1_406' title='bbox 794 1481 852 1503; x_wconf 89' lang='lat' dir='ltr'>sua</span> <span class='ocrx_word' id='word_1_407' title='bbox 876 1473 1000 1503; x_wconf 82' lang='lat' dir='ltr'>efficere</span> <span class='ocrx_word' id='word_1_408' title='bbox 1024 1474 1128 1511; x_wconf 87' lang='lat' dir='ltr'>potuit.</span> <span class='ocrx_word' id='word_1_409' title='bbox 1165 1473 1205 1503; x_wconf 92' lang='lat' dir='ltr'>At</span> <span class='ocrx_word' id='word_1_410' title='bbox 1227 1473 1285 1503; x_wconf 90' lang='lat' dir='ltr'>iam</span> <span class='ocrx_word' id='word_1_411' title='bbox 1309 1475 1443 1503; x_wconf 87' lang='lat' dir='ltr'>exeunte</span> <span class='ocrx_word' id='word_1_412' title='bbox 1464 1471 1601 1508; x_wconf 88' lang='lat' dir='ltr'>septimo</span> <span class='ocrx_word' id='word_1_413' title='bbox 1625 1471 1709 1502; x_wconf 90' lang='lat' dir='ltr'>urbis</span> 
     </span>
     <span class='ocr_line' id='line_1_34' title="bbox 32 1512 1709 1552; baseline 0.001 -10"><span class='ocrx_word' id='word_1_414' title='bbox 32 1512 177 1542; x_wconf 89' lang='lat' dir='ltr'>conditae</span> <span class='ocrx_word' id='word_1_415' title='bbox 200 1513 329 1543; x_wconf 91' lang='lat' dir='ltr'>saeculo</span> <span class='ocrx_word' id='word_1_416' title='bbox 352 1512 488 1543; x_wconf 90' lang='lat' dir='ltr'>Terentii</span> <span class='ocrx_word' id='word_1_417' title='bbox 511 1522 613 1551; x_wconf 88' lang='lat' dir='ltr'>aeque</span> <span class='ocrx_word' id='word_1_418' title='bbox 636 1517 729 1551; x_wconf 91' lang='lat' dir='ltr'>atque</span> <span class='ocrx_word' id='word_1_419' title='bbox 754 1517 929 1545; x_wconf 89' lang='lat' dir='ltr'>nostrorum</span> <span class='ocrx_word' id='word_1_420' title='bbox 960 1518 1117 1552; x_wconf 86' lang='lat' dir='ltr'>poetarum</span> <span class='ocrx_word' id='word_1_421' title='bbox 1148 1514 1333 1551; x_wconf 87' lang='lat' dir='ltr'>exemplaria</span> <span class='ocrx_word' id='word_1_422' title='bbox 1361 1513 1390 1543; x_wconf 93' lang='lat' dir='ltr'>in</span> <span class='ocrx_word' id='word_1_423' title='bbox 1412 1513 1594 1544; x_wconf 89' lang='lat' dir='ltr'>histrionum</span> <span class='ocrx_word' id='word_1_424' title='bbox 1618 1521 1709 1543; x_wconf 90' lang='lat' dir='ltr'>usum</span> 
     </span>
     <span class='ocr_line' id='line_1_35' title="bbox 33 1554 1709 1593; baseline 0.001 -10"><span class='ocrx_word' id='word_1_425' title='bbox 33 1557 211 1590; x_wconf 91' lang='lat' dir='ltr'>comparata</span> <span class='ocrx_word' id='word_1_426' title='bbox 226 1554 415 1591; x_wconf 80' lang='lat' dir='ltr'>legebantur,</span> <span class='ocrx_word' id='word_1_427' title='bbox 439 1554 466 1584; x_wconf 91' lang='lat' dir='ltr'>in</span> <span class='ocrx_word' id='word_1_428' title='bbox 484 1554 598 1591; x_wconf 88' lang='lat' dir='ltr'>quibus</span> <span class='ocrx_word' id='word_1_429' title='bbox 614 1555 756 1592; x_wconf 72' lang='lat' dir='ltr'>singulae</span> <span class='ocrx_word' id='word_1_430' title='bbox 772 1555 904 1586; x_wconf 90' lang='lat' dir='ltr'>diverbii</span> <span class='ocrx_word' id='word_1_431' title='bbox 921 1560 1023 1593; x_wconf 87' lang='lat' dir='ltr'>partes</span> <span class='ocrx_word' id='word_1_432' title='bbox 1039 1556 1237 1587; x_wconf 90' lang='lat' dir='ltr'>histrionibus</span> <span class='ocrx_word' id='word_1_433' title='bbox 1254 1555 1335 1585; x_wconf 89' lang='lat' dir='ltr'>notis</span> <span class='ocrx_word' id='word_1_434' title='bbox 1351 1554 1507 1592; x_wconf 91' lang='lat' dir='ltr'>adpositis</span> <span class='ocrx_word' id='word_1_435' title='bbox 1524 1554 1709 1591; x_wconf 74' lang='lat' dir='ltr'>adsignatae</span> 
     </span>
     <span class='ocr_line' id='line_1_36' title="bbox 33 1594 1710 1633; baseline 0.001 -9"><span class='ocrx_word' id='word_1_436' title='bbox 33 1594 152 1627; x_wconf 77' lang='lat' dir='ltr'>erant.*)</span> <span class='ocrx_word' id='word_1_437' title='bbox 195 1595 245 1625; x_wconf 90' lang='lat' dir='ltr'>Ad</span> <span class='ocrx_word' id='word_1_438' title='bbox 269 1595 328 1625; x_wconf 92' lang='lat' dir='ltr'>tale</span> <span class='ocrx_word' id='word_1_439' title='bbox 350 1595 402 1626; x_wconf 91' lang='lat' dir='ltr'>vel</span> <span class='ocrx_word' id='word_1_440' title='bbox 424 1595 524 1626; x_wconf 89' lang='lat' dir='ltr'>simile</span> <span class='ocrx_word' id='word_1_441' title='bbox 548 1597 706 1633; x_wconf 91' lang='lat' dir='ltr'>exemplar</span> <span class='ocrx_word' id='word_1_442' title='bbox 728 1595 829 1627; x_wconf 84' lang='lat' dir='ltr'>Servii</span> <span class='ocrx_word' id='word_1_443' title='bbox 852 1596 1069 1628; x_wconf 89' lang='lat' dir='ltr'>adnotationes</span> <span class='ocrx_word' id='word_1_444' title='bbox 1092 1597 1232 1628; x_wconf 90' lang='lat' dir='ltr'>videntur</span> <span class='ocrx_word' id='word_1_445' title='bbox 1255 1604 1331 1627; x_wconf 91' lang='lat' dir='ltr'>esse</span> <span class='ocrx_word' id='word_1_446' title='bbox 1354 1595 1566 1626; x_wconf 87' lang='lat' dir='ltr'>revocandae.</span> <span class='ocrx_word' id='word_1_447' title='bbox 1611 1595 1710 1626; x_wconf 76' lang='lat' dir='ltr'>Etiam</span> 
     </span>
     <span class='ocr_line' id='line_1_37' title="bbox 33 1636 1709 1673; baseline 0.001 -8"><span class='ocrx_word' id='word_1_448' title='bbox 33 1643 71 1665; x_wconf 89' lang='lat' dir='ltr'>ex</span> <span class='ocrx_word' id='word_1_449' title='bbox 103 1636 198 1666; x_wconf 89' lang='lat' dir='ltr'>altero</span> <span class='ocrx_word' id='word_1_450' title='bbox 227 1636 299 1667; x_wconf 92' lang='lat' dir='ltr'>loco</span> <span class='ocrx_word' id='word_1_451' title='bbox 326 1636 461 1667; x_wconf 89' lang='lat' dir='ltr'>Andriae</span> <span class='ocrx_word' id='word_1_452' title='bbox 495 1636 556 1671; x_wconf 79' lang='lat' dir='ltr'>(JV,</span> <span class='ocrx_word' id='word_1_453' title='bbox 585 1641 611 1671; x_wconf 87' lang='grc'>3,</span> <span class='ocrx_word' id='word_1_454' title='bbox 640 1643 667 1673; x_wconf 89' lang='grc'>1;</span> <span class='ocrx_word' id='word_1_455' title='bbox 702 1638 740 1668; x_wconf 91' lang='lat' dir='ltr'>cf.</span> <span class='ocrx_word' id='word_1_456' title='bbox 763 1636 797 1668; x_wconf 83' lang='lat' dir='ltr'>S.</span> <span class='ocrx_word' id='word_1_457' title='bbox 819 1637 858 1668; x_wconf 90' lang='lat' dir='ltr'>A.</span> <span class='ocrx_word' id='word_1_458' title='bbox 882 1637 941 1673; x_wconf 90' lang='grc' dir='ltr'>ΧΙΙ,</span> <span class='ocrx_word' id='word_1_459' title='bbox 970 1642 1036 1670; x_wconf 81' lang='grc'>120)</span> <span class='ocrx_word' id='word_1_460' title='bbox 1070 1638 1211 1669; x_wconf 86' lang='lat' dir='ltr'>Servium</span> <span class='ocrx_word' id='word_1_461' title='bbox 1244 1637 1381 1667; x_wconf 91' lang='lat' dir='ltr'>Terentii</span> <span class='ocrx_word' id='word_1_462' title='bbox 1415 1637 1582 1667; x_wconf 89' lang='lat' dir='ltr'>fabularum</span> <span class='ocrx_word' id='word_1_463' title='bbox 1619 1638 1709 1673; x_wconf 90' lang='lat' dir='ltr'>plane</span> 
     </span>
     <span class='ocr_line' id='line_1_38' title="bbox 31 1677 1709 1716; baseline 0.001 -10"><span class='ocrx_word' id='word_1_464' title='bbox 31 1684 158 1712; x_wconf 69' lang='lat' dir='ltr'>gnarum</span> <span class='ocrx_word' id='word_1_465' title='bbox 192 1677 290 1708; x_wconf 90' lang='lat' dir='ltr'>fuisse</span> <span class='ocrx_word' id='word_1_466' title='bbox 324 1678 561 1715; x_wconf 81' lang='lat' dir='ltr'>cognoscimus.</span> <span class='ocrx_word' id='word_1_467' title='bbox 606 1678 666 1709; x_wconf 91' lang='lat' dir='ltr'>Ubi</span> <span class='ocrx_word' id='word_1_468' title='bbox 695 1678 774 1709; x_wconf 93' lang='lat' dir='ltr'>haec</span> <span class='ocrx_word' id='word_1_469' title='bbox 804 1679 932 1716; x_wconf 90' lang='lat' dir='ltr'>profert:</span> <span class='ocrx_word' id='word_1_470' title='bbox 964 1680 1113 1710; x_wconf 68' lang='lat' dir='ltr'>‘abusive</span> <span class='ocrx_word' id='word_1_471' title='bbox 1145 1683 1246 1709; x_wconf 90' lang='lat' dir='ltr'>tamen</span> <span class='ocrx_word' id='word_1_472' title='bbox 1280 1678 1338 1708; x_wconf 91' lang='lat' dir='ltr'>iam</span> <span class='ocrx_word' id='word_1_473' title='bbox 1368 1678 1525 1708; x_wconf 89' lang='lat' dir='ltr'>verbenas</span> <span class='ocrx_word' id='word_1_474' title='bbox 1553 1686 1709 1708; x_wconf 86' lang='lat' dir='ltr'>vocamus</span> 
     </span>
     <span class='ocr_line' id='line_1_39' title="bbox 31 1718 1709 1758; baseline 0.001 -11"><span class='ocrx_word' id='word_1_475' title='bbox 31 1725 142 1748; x_wconf 90' lang='lat' dir='ltr'>omnes</span> <span class='ocrx_word' id='word_1_476' title='bbox 166 1718 293 1749; x_wconf 83' lang='lat' dir='ltr'>frondes</span> <span class='ocrx_word' id='word_1_477' title='bbox 316 1722 465 1753; x_wconf 85' lang='lat' dir='ltr'>sacratas,</span> <span class='ocrx_word' id='word_1_478' title='bbox 489 1724 520 1750; x_wconf 90' lang='lat' dir='ltr'>ut</span> <span class='ocrx_word' id='word_1_479' title='bbox 544 1723 592 1750; x_wconf 93' lang='lat' dir='ltr'>est</span> <span class='ocrx_word' id='word_1_480' title='bbox 620 1720 732 1755; x_wconf 82' lang='lat' dir='ltr'>laurus,</span> <span class='ocrx_word' id='word_1_481' title='bbox 757 1720 839 1751; x_wconf 91' lang='lat' dir='ltr'>oliva</span> <span class='ocrx_word' id='word_1_482' title='bbox 861 1721 912 1751; x_wconf 93' lang='lat' dir='ltr'>vel</span> <span class='ocrx_word' id='word_1_483' title='bbox 941 1725 1071 1758; x_wconf 86' lang='lat' dir='ltr'>myrtus:</span> <span class='ocrx_word' id='word_1_484' title='bbox 1100 1719 1265 1750; x_wconf 89' lang='lat' dir='ltr'>Terentius</span> <span class='ocrx_word' id='word_1_485' title='bbox 1292 1724 1349 1749; x_wconf 66' lang='lat' dir='ltr'>*ex</span> <span class='ocrx_word' id='word_1_486' title='bbox 1378 1727 1429 1749; x_wconf 88' lang='lat' dir='ltr'>ara</span> <span class='ocrx_word' id='word_1_487' title='bbox 1458 1718 1528 1749; x_wconf 93' lang='lat' dir='ltr'>hinc</span> <span class='ocrx_word' id='word_1_488' title='bbox 1551 1719 1709 1749; x_wconf 87' lang='lat' dir='ltr'>verbenas</span> 
     </span>
     <span class='ocr_line' id='line_1_40' title="bbox 30 1758 1705 1799; baseline 0.001 -11"><span class='ocrx_word' id='word_1_489' title='bbox 30 1758 151 1793; x_wconf 82' lang='lat' dir='ltr'>sume“;</span> <span class='ocrx_word' id='word_1_490' title='bbox 185 1767 254 1790; x_wconf 89' lang='lat' dir='ltr'>nam</span> <span class='ocrx_word' id='word_1_491' title='bbox 289 1763 420 1798; x_wconf 89' lang='lat' dir='ltr'>myrtum</span> <span class='ocrx_word' id='word_1_492' title='bbox 453 1760 553 1792; x_wconf 86' lang='lat' dir='ltr'>fuisse</span> <span class='ocrx_word' id='word_1_493' title='bbox 580 1760 783 1792; x_wconf 86' lang='lat' dir='ltr'>Menander</span> <span class='ocrx_word' id='word_1_494' title='bbox 808 1765 975 1797; x_wconf 86' lang='lat' dir='ltr'>testatur,</span> <span class='ocrx_word' id='word_1_495' title='bbox 1009 1762 1053 1793; x_wconf 91' lang='lat' dir='ltr'>de</span> <span class='ocrx_word' id='word_1_496' title='bbox 1086 1770 1158 1799; x_wconf 87' lang='lat' dir='ltr'>quo</span> <span class='ocrx_word' id='word_1_497' title='bbox 1185 1760 1391 1791; x_wconf 76' lang='lat' dir='ltr'>TerentIus</span> <span class='ocrx_word' id='word_1_498' title='bbox 1424 1759 1646 1791; x_wconf 72' lang='lat' dir='ltr'>transtulit*.</span> <span class='ocrx_word' id='word_1_499' title='bbox 1675 1777 1705 1780; x_wconf 43' lang='grc' dir='ltr'>κ-</span> 
     </span>
     <span class='ocr_line' id='line_1_41' title="bbox 30 1798 1710 1845; baseline 0.001 -16"><span class='ocrx_word' id='word_1_500' title='bbox 30 1798 242 1845; x_wconf 77' lang='lat' dir='ltr'>Transeamus</span> <span class='ocrx_word' id='word_1_501' title='bbox 259 1801 299 1832; x_wconf 91' lang='lat' dir='ltr'>ad</span> <span class='ocrx_word' id='word_1_502' title='bbox 315 1802 575 1839; x_wconf 89' lang='lat' dir='ltr'>interpolatorem.</span> <span class='ocrx_word' id='word_1_503' title='bbox 613 1802 710 1833; x_wconf 78' lang='lat' dir='ltr'>Etiam</span> <span class='ocrx_word' id='word_1_504' title='bbox 733 1802 782 1833; x_wconf 92' lang='lat' dir='ltr'>hic</span> <span class='ocrx_word' id='word_1_505' title='bbox 804 1803 876 1834; x_wconf 89' lang='lat' dir='ltr'>licet</span> <span class='ocrx_word' id='word_1_506' title='bbox 898 1804 1045 1841; x_wconf 87' lang='lat' dir='ltr'>plurimos</span> <span class='ocrx_word' id='word_1_507' title='bbox 1061 1811 1176 1833; x_wconf 92' lang='lat' dir='ltr'>versus</span> <span class='ocrx_word' id='word_1_508' title='bbox 1199 1811 1217 1833; x_wconf 91' lang='lat' dir='ltr'>a</span> <span class='ocrx_word' id='word_1_509' title='bbox 1233 1802 1355 1832; x_wconf 90' lang='lat' dir='ltr'>codicis</span> <span class='ocrx_word' id='word_1_510' title='bbox 1373 1800 1516 1832; x_wconf 82' lang='lat' dir='ltr'>Bembini</span> <span class='ocrx_word' id='word_1_511' title='bbox 1540 1801 1614 1831; x_wconf 90' lang='lat' dir='ltr'>fide</span> <span class='ocrx_word' id='word_1_512' title='bbox 1639 1810 1710 1831; x_wconf 86' lang='lat' dir='ltr'>non</span> 
     </span>
     <span class='ocr_line' id='line_1_42' title="bbox 30 1840 1709 1881; baseline 0.001 -10"><span class='ocrx_word' id='word_1_513' title='bbox 30 1840 293 1879; x_wconf 82' lang='lat' dir='ltr'>discrepantes</span> <span class='ocrx_word' id='word_1_514' title='bbox 325 1843 507 1879; x_wconf 87' lang='lat' dir='ltr'>exhibeat,</span> <span class='ocrx_word' id='word_1_515' title='bbox 538 1848 657 1875; x_wconf 88' lang='lat' dir='ltr'>tamen</span> <span class='ocrx_word' id='word_1_516' title='bbox 687 1845 889 1876; x_wconf 91' lang='lat' dir='ltr'>nonnullos</span> <span class='ocrx_word' id='word_1_517' title='bbox 918 1853 1052 1875; x_wconf 88' lang='lat' dir='ltr'>versus</span> <span class='ocrx_word' id='word_1_518' title='bbox 1080 1844 1182 1879; x_wconf 91' lang='lat' dir='ltr'>habet,</span> <span class='ocrx_word' id='word_1_519' title='bbox 1212 1844 1264 1881; x_wconf 83' lang='lat' dir='ltr'>qui</span> <span class='ocrx_word' id='word_1_520' title='bbox 1287 1843 1394 1874; x_wconf 91' lang='lat' dir='ltr'>verbis</span> <span class='ocrx_word' id='word_1_521' title='bbox 1424 1843 1633 1874; x_wconf 89' lang='lat' dir='ltr'>transmutatis</span> <span class='ocrx_word' id='word_1_522' title='bbox 1658 1843 1709 1877; x_wconf 58' lang='lat' dir='ltr'>(cf.</span> 
     </span>
     <span class='ocr_line' id='line_1_43' title="bbox 30 1880 1710 1925; baseline 0.002 -13"><span class='ocrx_word' id='word_1_523' title='bbox 30 1880 55 1925; x_wconf 91' lang='grc' dir='ltr'>Β</span> <span class='ocrx_word' id='word_1_524' title='bbox 85 1881 146 1917; x_wconf 71' lang='lat' dir='ltr'>liat</span> <span class='ocrx_word' id='word_1_525' title='bbox 174 1887 203 1913; x_wconf 91' lang='lat' dir='ltr'>et</span> <span class='ocrx_word' id='word_1_526' title='bbox 236 1884 302 1914; x_wconf 92' lang='lat' dir='ltr'>aliis</span> <span class='ocrx_word' id='word_1_527' title='bbox 331 1885 455 1916; x_wconf 91' lang='lat' dir='ltr'>levibus</span> <span class='ocrx_word' id='word_1_528' title='bbox 489 1886 672 1923; x_wconf 89' lang='lat' dir='ltr'>corruptelis</span> <span class='ocrx_word' id='word_1_529' title='bbox 706 1886 892 1917; x_wconf 84' lang='lat' dir='ltr'>librariorum</span> <span class='ocrx_word' id='word_1_530' title='bbox 926 1887 1016 1923; x_wconf 87' lang='lat' dir='ltr'>culpa</span> <span class='ocrx_word' id='word_1_531' title='bbox 1049 1886 1123 1916; x_wconf 90' lang='lat' dir='ltr'>ortis</span> <span class='ocrx_word' id='word_1_532' title='bbox 1153 1885 1312 1922; x_wconf 91' lang='lat' dir='ltr'>depravati</span> <span class='ocrx_word' id='word_1_533' title='bbox 1346 1888 1417 1915; x_wconf 88' lang='lat' dir='ltr'>sunt</span> <span class='ocrx_word' id='word_1_534' title='bbox 1445 1885 1496 1917; x_wconf 78' lang='lat' dir='ltr'>(cf.</span> <span class='ocrx_word' id='word_1_535' title='bbox 1522 1883 1546 1914; x_wconf 89' lang='grc' dir='ltr'>Β</span> <span class='ocrx_word' id='word_1_536' title='bbox 1571 1883 1591 1914; x_wconf 92' lang='grc' dir='ltr'>ΙΙ</span> <span class='ocrx_word' id='word_1_537' title='bbox 1615 1890 1655 1919; x_wconf 81' lang='lat' dir='ltr'>e),</span> <span class='ocrx_word' id='word_1_538' title='bbox 1679 1888 1710 1915; x_wconf 90' lang='lat' dir='ltr'>ut</span> 
     </span>
     <span class='ocr_line' id='line_1_44' title="bbox 33 1924 1706 1965; baseline 0.002 -12"><span class='ocrx_word' id='word_1_539' title='bbox 33 1924 229 1960; x_wconf 76' lang='lat' dir='ltr'>·responde“</span> <span class='ocrx_word' id='word_1_540' title='bbox 256 1934 311 1962; x_wconf 94' lang='lat' dir='ltr'>pro</span> <span class='ocrx_word' id='word_1_541' title='bbox 338 1926 566 1964; x_wconf 69' lang='lat' dir='ltr'>‘respondes‘,</span> <span class='ocrx_word' id='word_1_542' title='bbox 593 1927 648 1957; x_wconf 86' lang='lat' dir='ltr'>“ea</span> <span class='ocrx_word' id='word_1_543' title='bbox 678 1927 832 1964; x_wconf 82' lang='lat' dir='ltr'>propter‘·&#39;,</span> <span class='ocrx_word' id='word_1_544' title='bbox 863 1936 919 1965; x_wconf 91' lang='lat' dir='ltr'>pro</span> <span class='ocrx_word' id='word_1_545' title='bbox 949 1927 1161 1964; x_wconf 68' lang='lat' dir='ltr'>“propterea“,</span> <span class='ocrx_word' id='word_1_546' title='bbox 1188 1926 1304 1963; x_wconf 62' lang='lat' dir='ltr'>*capit*</span> <span class='ocrx_word' id='word_1_547' title='bbox 1336 1934 1391 1963; x_wconf 91' lang='lat' dir='ltr'>pro</span> <span class='ocrx_word' id='word_1_548' title='bbox 1421 1926 1572 1963; x_wconf 72' lang='lat' dir='ltr'>“capiet‘,</span> <span class='ocrx_word' id='word_1_549' title='bbox 1599 1928 1706 1956; x_wconf 67' lang='lat' dir='ltr'>‘sunt‘</span> 
     </span>
     <span class='ocr_line' id='line_1_45' title="bbox 29 1965 1708 2007; baseline 0.003 -13"><span class='ocrx_word' id='word_1_550' title='bbox 29 1972 84 2007; x_wconf 91' lang='lat' dir='ltr'>pro</span> <span class='ocrx_word' id='word_1_551' title='bbox 104 1965 232 2000; x_wconf 77' lang='lat' dir='ltr'>“sient“,</span> <span class='ocrx_word' id='word_1_552' title='bbox 253 1967 399 1997; x_wconf 74' lang='lat' dir='ltr'>“credere</span> <span class='ocrx_word' id='word_1_553' title='bbox 424 1968 488 1998; x_wconf 80' lang='lat' dir='ltr'>est“</span> <span class='ocrx_word' id='word_1_554' title='bbox 510 1976 565 2005; x_wconf 91' lang='lat' dir='ltr'>pro</span> <span class='ocrx_word' id='word_1_555' title='bbox 585 1968 782 2002; x_wconf 81' lang='lat' dir='ltr'>“crederes“,</span> <span class='ocrx_word' id='word_1_556' title='bbox 802 1968 867 1998; x_wconf 79' lang='lat' dir='ltr'>“sat</span> <span class='ocrx_word' id='word_1_557' title='bbox 883 1968 960 2005; x_wconf 85' lang='lat' dir='ltr'>agit“</span> <span class='ocrx_word' id='word_1_558' title='bbox 980 1976 1036 2004; x_wconf 87' lang='lat' dir='ltr'>pro</span> <span class='ocrx_word' id='word_1_559' title='bbox 1056 1968 1121 1999; x_wconf 72' lang='lat' dir='ltr'>“sat</span> <span class='ocrx_word' id='word_1_560' title='bbox 1143 1968 1264 2004; x_wconf 44' lang='lat' dir='ltr'>agitat&amp;</span> <span class='ocrx_word' id='word_1_561' title='bbox 1285 1967 1447 1997; x_wconf 65' lang='lat' dir='ltr'>“tutemet&#39;*</span> <span class='ocrx_word' id='word_1_562' title='bbox 1467 1975 1524 2004; x_wconf 88' lang='lat' dir='ltr'>pro</span> <span class='ocrx_word' id='word_1_563' title='bbox 1543 1966 1708 1999; x_wconf 54' lang='lat' dir='ltr'>“tuomet-5</span> 
     </span>
     <span class='ocr_line' id='line_1_46' title="bbox 31 2005 1710 2046; baseline 0.002 -11"><span class='ocrx_word' id='word_1_564' title='bbox 31 2005 154 2042; x_wconf 71' lang='lat' dir='ltr'>‘sapis“</span> <span class='ocrx_word' id='word_1_565' title='bbox 182 2014 237 2043; x_wconf 90' lang='lat' dir='ltr'>pro</span> <span class='ocrx_word' id='word_1_566' title='bbox 267 2007 423 2045; x_wconf 79' lang='lat' dir='ltr'>“sapias“‚</span> <span class='ocrx_word' id='word_1_567' title='bbox 450 2008 581 2039; x_wconf 73' lang='lat' dir='ltr'>“fortes“</span> <span class='ocrx_word' id='word_1_568' title='bbox 613 2017 668 2046; x_wconf 89' lang='lat' dir='ltr'>pro</span> <span class='ocrx_word' id='word_1_569' title='bbox 699 2009 832 2043; x_wconf 81' lang='lat' dir='ltr'>“fortis“,</span> <span class='ocrx_word' id='word_1_570' title='bbox 864 2008 1043 2046; x_wconf 77' lang='lat' dir='ltr'>“potiretur“</span> <span class='ocrx_word' id='word_1_571' title='bbox 1076 2017 1131 2046; x_wconf 92' lang='lat' dir='ltr'>pro</span> <span class='ocrx_word' id='word_1_572' title='bbox 1161 2008 1352 2045; x_wconf 88' lang='lat' dir='ltr'>“poteretur“</span> <span class='ocrx_word' id='word_1_573' title='bbox 1382 2007 1613 2038; x_wconf 83' lang='lat' dir='ltr'>“commeritam</span> <span class='ocrx_word' id='word_1_574' title='bbox 1648 2017 1710 2038; x_wconf 89' lang='lat' dir='ltr'>non</span> 
     </span>
     <span class='ocr_line' id='line_1_47' title="bbox 28 2047 1709 2088; baseline 0.002 -13"><span class='ocrx_word' id='word_1_575' title='bbox 28 2047 109 2082; x_wconf 84' lang='lat' dir='ltr'>ego“</span> <span class='ocrx_word' id='word_1_576' title='bbox 135 2055 189 2084; x_wconf 92' lang='lat' dir='ltr'>pro</span> <span class='ocrx_word' id='word_1_577' title='bbox 214 2048 372 2079; x_wconf 88' lang='lat' dir='ltr'>“meritum</span> <span class='ocrx_word' id='word_1_578' title='bbox 395 2058 458 2080; x_wconf 92' lang='lat' dir='ltr'>non</span> <span class='ocrx_word' id='word_1_579' title='bbox 480 2050 595 2087; x_wconf 81' lang='lat' dir='ltr'>nego“,</span> <span class='ocrx_word' id='word_1_580' title='bbox 619 2051 740 2088; x_wconf 83' lang='lat' dir='ltr'>“quae“</span> <span class='ocrx_word' id='word_1_581' title='bbox 764 2058 820 2087; x_wconf 91' lang='lat' dir='ltr'>pro</span> <span class='ocrx_word' id='word_1_582' title='bbox 844 2049 966 2087; x_wconf 82' lang='lat' dir='ltr'>“quin“.</span> <span class='ocrx_word' id='word_1_583' title='bbox 991 2050 1148 2088; x_wconf 78' lang='lat' dir='ltr'>“quaerit“</span> <span class='ocrx_word' id='word_1_584' title='bbox 1174 2058 1228 2087; x_wconf 90' lang='lat' dir='ltr'>pro</span> <span class='ocrx_word' id='word_1_585' title='bbox 1252 2049 1421 2087; x_wconf 72' lang='lat' dir='ltr'>“quaeret“</span> <span class='ocrx_word' id='word_1_586' title='bbox 1445 2049 1497 2083; x_wconf 71' lang='lat' dir='ltr'>(cf.</span> <span class='ocrx_word' id='word_1_587' title='bbox 1522 2047 1546 2080; x_wconf 94' lang='grc' dir='ltr'>Β</span> <span class='ocrx_word' id='word_1_588' title='bbox 1570 2048 1591 2079; x_wconf 93' lang='lat'>11</span> <span class='ocrx_word' id='word_1_589' title='bbox 1615 2049 1644 2079; x_wconf 92' lang='lat' dir='ltr'>d.</span> <span class='ocrx_word' id='word_1_590' title='bbox 1669 2055 1709 2084; x_wconf 67' lang='lat' dir='ltr'>e).</span> 
     </span>
     <span class='ocr_line' id='line_1_48' title="bbox 26 2085 1709 2135; baseline 0.002 -17"><span class='ocrx_word' id='word_1_591' title='bbox 26 2085 145 2135; x_wconf 37' lang='lat' dir='ltr'>Neque·</span> <span class='ocrx_word' id='word_1_592' title='bbox 167 2092 269 2120; x_wconf 90' lang='lat' dir='ltr'>tamen</span> <span class='ocrx_word' id='word_1_593' title='bbox 299 2090 422 2126; x_wconf 85' lang='lat' dir='ltr'>desunt,</span> <span class='ocrx_word' id='word_1_594' title='bbox 452 2100 534 2129; x_wconf 89' lang='lat' dir='ltr'>quae</span> <span class='ocrx_word' id='word_1_595' title='bbox 563 2091 813 2129; x_wconf 89' lang='lat' dir='ltr'>interpolatorem</span> <span class='ocrx_word' id='word_1_596' title='bbox 843 2100 883 2122; x_wconf 90' lang='lat' dir='ltr'>ex</span> <span class='ocrx_word' id='word_1_597' title='bbox 912 2092 1064 2123; x_wconf 90' lang='lat' dir='ltr'>momoria</span> <span class='ocrx_word' id='word_1_598' title='bbox 1091 2092 1205 2123; x_wconf 87' lang='lat' dir='ltr'>multos</span> <span class='ocrx_word' id='word_1_599' title='bbox 1227 2099 1342 2122; x_wconf 92' lang='lat' dir='ltr'>versus</span> <span class='ocrx_word' id='word_1_600' title='bbox 1371 2091 1525 2128; x_wconf 89' lang='lat' dir='ltr'>posuisse</span> <span class='ocrx_word' id='word_1_601' title='bbox 1554 2099 1709 2122; x_wconf 91' lang='lat' dir='ltr'>summam</span> 
     </span>
     <span class='ocr_line' id='line_1_49' title="bbox 25 2132 1710 2171; baseline 0.002 -11"><span class='ocrx_word' id='word_1_602' title='bbox 25 2137 241 2167; x_wconf 88' lang='lat' dir='ltr'>susp1c10nem</span> <span class='ocrx_word' id='word_1_603' title='bbox 265 2137 425 2169; x_wconf 87' lang='lat' dir='ltr'>moveant;</span> <span class='ocrx_word' id='word_1_604' title='bbox 456 2133 618 2165; x_wconf 92' lang='lat' dir='ltr'>nonnullas</span> <span class='ocrx_word' id='word_1_605' title='bbox 649 2133 729 2165; x_wconf 91' lang='lat' dir='ltr'>enim</span> <span class='ocrx_word' id='word_1_606' title='bbox 751 2141 864 2169; x_wconf 91' lang='lat' dir='ltr'>voces,</span> <span class='ocrx_word' id='word_1_607' title='bbox 893 2142 975 2171; x_wconf 89' lang='lat' dir='ltr'>quae</span> <span class='ocrx_word' id='word_1_608' title='bbox 1000 2133 1027 2165; x_wconf 89' lang='lat' dir='ltr'>ei</span> <span class='ocrx_word' id='word_1_609' title='bbox 1049 2133 1159 2165; x_wconf 90' lang='lat' dir='ltr'>nullius</span> <span class='ocrx_word' id='word_1_610' title='bbox 1183 2133 1330 2164; x_wconf 89' lang='lat' dir='ltr'>momenti</span> <span class='ocrx_word' id='word_1_611' title='bbox 1353 2132 1533 2164; x_wconf 91' lang='lat' dir='ltr'>viderentur</span> <span class='ocrx_word' id='word_1_612' title='bbox 1557 2141 1633 2164; x_wconf 92' lang='lat' dir='ltr'>esse</span> <span class='ocrx_word' id='word_1_613' title='bbox 1657 2133 1710 2163; x_wconf 92' lang='lat' dir='ltr'>vel</span> 
     </span>
     <span class='ocr_line' id='line_1_50' title="bbox 25 2172 1706 2211; baseline 0.002 -10"><span class='ocrx_word' id='word_1_614' title='bbox 25 2179 106 2208; x_wconf 90' lang='lat' dir='ltr'>quae</span> <span class='ocrx_word' id='word_1_615' title='bbox 128 2172 157 2202; x_wconf 94' lang='lat' dir='ltr'>in</span> <span class='ocrx_word' id='word_1_616' title='bbox 181 2173 248 2203; x_wconf 92' lang='lat' dir='ltr'>eius</span> <span class='ocrx_word' id='word_1_617' title='bbox 271 2174 374 2205; x_wconf 91' lang='lat' dir='ltr'>animo</span> <span class='ocrx_word' id='word_1_618' title='bbox 390 2183 452 2205; x_wconf 93' lang='lat' dir='ltr'>non</span> <span class='ocrx_word' id='word_1_619' title='bbox 468 2175 545 2205; x_wconf 79' lang='lat' dir='ltr'>sat1s</span> <span class='ocrx_word' id='word_1_620' title='bbox 561 2175 642 2206; x_wconf 83' lang='lat' dir='ltr'>fixae</span> <span class='ocrx_word' id='word_1_621' title='bbox 666 2178 784 2210; x_wconf 90' lang='lat' dir='ltr'>essent,</span> <span class='ocrx_word' id='word_1_622' title='bbox 802 2175 906 2206; x_wconf 90' lang='lat' dir='ltr'>omisit</span> <span class='ocrx_word' id='word_1_623' title='bbox 922 2175 973 2210; x_wconf 86' lang='lat' dir='ltr'>(cf.</span> <span class='ocrx_word' id='word_1_624' title='bbox 990 2175 1015 2206; x_wconf 92' lang='grc' dir='ltr'>Β</span> <span class='ocrx_word' id='word_1_625' title='bbox 1031 2175 1054 2206; x_wconf 94' lang='grc' dir='ltr'>ΙΙ</span> <span class='ocrx_word' id='word_1_626' title='bbox 1066 2176 1098 2211; x_wconf 84' lang='grc'>1))</span> <span class='ocrx_word' id='word_1_627' title='bbox 1115 2179 1165 2206; x_wconf 91' lang='lat' dir='ltr'>aut</span> <span class='ocrx_word' id='word_1_628' title='bbox 1186 2179 1217 2205; x_wconf 90' lang='lat' dir='ltr'>ut</span> <span class='ocrx_word' id='word_1_629' title='bbox 1237 2175 1345 2205; x_wconf 90' lang='lat' dir='ltr'>melior</span> <span class='ocrx_word' id='word_1_630' title='bbox 1361 2175 1517 2206; x_wconf 89' lang='lat' dir='ltr'>sententia</span> <span class='ocrx_word' id='word_1_631' title='bbox 1534 2175 1706 2205; x_wconf 68' lang='lat' dir='ltr'>efficeretur</span> 
     </span>
     <span class='ocr_line' id='line_1_51' title="bbox 23 2214 1708 2258; baseline 0.002 -15"><span class='ocrx_word' id='word_1_632' title='bbox 23 2220 181 2258; x_wconf 81' lang='lat' dir='ltr'>versuum,</span> <span class='ocrx_word' id='word_1_633' title='bbox 211 2214 263 2251; x_wconf 91' lang='lat' dir='ltr'>qui</span> <span class='ocrx_word' id='word_1_634' title='bbox 291 2216 448 2247; x_wconf 88' lang='lat' dir='ltr'>sermonis</span> <span class='ocrx_word' id='word_1_635' title='bbox 477 2220 585 2247; x_wconf 87' lang='lat' dir='ltr'>tenore</span> <span class='ocrx_word' id='word_1_636' title='bbox 614 2216 780 2253; x_wconf 87' lang='lat' dir='ltr'>interrupto</span> <span class='ocrx_word' id='word_1_637' title='bbox 809 2225 871 2247; x_wconf 93' lang='lat' dir='ltr'>non</span> <span class='ocrx_word' id='word_1_638' title='bbox 901 2217 978 2248; x_wconf 90' lang='lat' dir='ltr'>satis</span> <span class='ocrx_word' id='word_1_639' title='bbox 1009 2217 1133 2248; x_wconf 91' lang='lat' dir='ltr'>dilucidi</span> <span class='ocrx_word' id='word_1_640' title='bbox 1164 2220 1282 2251; x_wconf 90' lang='lat' dir='ltr'>essent,</span> <span class='ocrx_word' id='word_1_641' title='bbox 1312 2216 1440 2252; x_wconf 84' lang='lat' dir='ltr'>addidit,</span> <span class='ocrx_word' id='word_1_642' title='bbox 1470 2220 1501 2247; x_wconf 92' lang='lat' dir='ltr'>ut</span> <span class='ocrx_word' id='word_1_643' title='bbox 1530 2216 1636 2247; x_wconf 93' lang='lat' dir='ltr'>versui</span> <span class='ocrx_word' id='word_1_644' title='bbox 1670 2216 1708 2246; x_wconf 90' lang='lat' dir='ltr'>illi</span> 
     </span>
     <span class='ocr_line' id='line_1_52' title="bbox 25 2254 1707 2295; baseline 0.002 -11"><span class='ocrx_word' id='word_1_645' title='bbox 25 2254 177 2286; x_wconf 83' lang='lat' dir='ltr'>“insanire</span> <span class='ocrx_word' id='word_1_646' title='bbox 209 2256 367 2293; x_wconf 91' lang='lat' dir='ltr'>occipiunt</span> <span class='ocrx_word' id='word_1_647' title='bbox 396 2266 435 2288; x_wconf 89' lang='lat' dir='ltr'>ex</span> <span class='ocrx_word' id='word_1_648' title='bbox 463 2257 587 2288; x_wconf 89' lang='lat' dir='ltr'>iniuria“</span> <span class='ocrx_word' id='word_1_649' title='bbox 610 2257 661 2291; x_wconf 86' lang='lat' dir='ltr'>(cf.</span> <span class='ocrx_word' id='word_1_650' title='bbox 684 2257 820 2295; x_wconf 87' lang='lat' dir='ltr'>Adelph.</span> <span class='ocrx_word' id='word_1_651' title='bbox 842 2257 873 2292; x_wconf 86' lang='lat'>11,</span> <span class='ocrx_word' id='word_1_652' title='bbox 901 2263 925 2293; x_wconf 92' lang='lat'>1,</span> <span class='ocrx_word' id='word_1_653' title='bbox 948 2259 1001 2294; x_wconf 87' lang='grc'>43)</span> <span class='ocrx_word' id='word_1_654' title='bbox 1025 2258 1239 2289; x_wconf 85' lang='lat' dir='ltr'>“subiectum“</span> <span class='ocrx_word' id='word_1_655' title='bbox 1263 2257 1350 2294; x_wconf 89' lang='lat' dir='ltr'>quod</span> <span class='ocrx_word' id='word_1_656' title='bbox 1379 2257 1571 2295; x_wconf 83' lang='lat' dir='ltr'>grammatici</span> <span class='ocrx_word' id='word_1_657' title='bbox 1602 2257 1707 2287; x_wconf 87' lang='lat' dir='ltr'>dicunt</span> 
     </span>
     <span class='ocr_line' id='line_1_53' title="bbox 22 2296 1706 2342; baseline 0.002 -17"><span class='ocrx_word' id='word_1_658' title='bbox 22 2296 168 2342; x_wconf 72' lang='lat' dir='ltr'>generale</span> <span class='ocrx_word' id='word_1_659' title='bbox 192 2296 375 2329; x_wconf 79' lang='lat' dir='ltr'>“homines“</span> <span class='ocrx_word' id='word_1_660' title='bbox 397 2298 511 2330; x_wconf 87' lang='lat' dir='ltr'>adiecit</span> <span class='ocrx_word' id='word_1_661' title='bbox 540 2299 591 2334; x_wconf 88' lang='lat' dir='ltr'>(cf.</span> <span class='ocrx_word' id='word_1_662' title='bbox 614 2298 647 2330; x_wconf 84' lang='lat' dir='ltr'>S.</span> <span class='ocrx_word' id='word_1_663' title='bbox 670 2298 709 2329; x_wconf 89' lang='lat' dir='ltr'>A.</span> <span class='ocrx_word' id='word_1_664' title='bbox 732 2298 782 2332; x_wconf 91' lang='lat' dir='ltr'>IV.</span> <span class='ocrx_word' id='word_1_665' title='bbox 806 2303 878 2335; x_wconf 79' lang='lat'><strong>376)</strong></span> <span class='ocrx_word' id='word_1_666' title='bbox 909 2303 939 2330; x_wconf 88' lang='lat' dir='ltr'>et</span> <span class='ocrx_word' id='word_1_667' title='bbox 963 2300 1070 2331; x_wconf 88' lang='lat' dir='ltr'>versui</span> <span class='ocrx_word' id='word_1_668' title='bbox 1099 2298 1222 2330; x_wconf 82' lang='lat' dir='ltr'>Phorm.</span> <span class='ocrx_word' id='word_1_669' title='bbox 1245 2298 1288 2333; x_wconf 90' lang='grc' dir='ltr'>ΙΙΙ,</span> <span class='ocrx_word' id='word_1_670' title='bbox 1312 2302 1339 2331; x_wconf 88' lang='grc'>2,</span> <span class='ocrx_word' id='word_1_671' title='bbox 1363 2303 1413 2330; x_wconf 87' lang='lat'>40.</span> <span class='ocrx_word' id='word_1_672' title='bbox 1436 2304 1471 2330; x_wconf 79' lang='grc'>41</span> <span class='ocrx_word' id='word_1_673' title='bbox 1500 2301 1581 2329; x_wconf 83' lang='lat' dir='ltr'>“non</span> <span class='ocrx_word' id='word_1_674' title='bbox 1609 2299 1706 2335; x_wconf 90' lang='lat' dir='ltr'>pudet</span> 
     </span>
     <span class='ocr_line' id='line_1_54' title="bbox 23 2338 1705 2378; baseline 0.003 -13"><span class='ocrx_word' id='word_1_675' title='bbox 23 2338 185 2368; x_wconf 82' lang='lat' dir='ltr'>vanitatis“</span> <span class='ocrx_word' id='word_1_676' title='bbox 210 2338 407 2371; x_wconf 86' lang='lat' dir='ltr'>“obiectum“</span> <span class='ocrx_word' id='word_1_677' title='bbox 431 2341 518 2377; x_wconf 92' lang='lat' dir='ltr'>quod</span> <span class='ocrx_word' id='word_1_678' title='bbox 545 2340 653 2371; x_wconf 90' lang='lat' dir='ltr'>dicitur</span> <span class='ocrx_word' id='word_1_679' title='bbox 676 2340 745 2371; x_wconf 81' lang='lat' dir='ltr'>“te“</span> <span class='ocrx_word' id='word_1_680' title='bbox 769 2340 897 2372; x_wconf 93' lang='lat' dir='ltr'>inseruit</span> <span class='ocrx_word' id='word_1_681' title='bbox 918 2341 957 2371; x_wconf 90' lang='lat' dir='ltr'>cf.</span> <span class='ocrx_word' id='word_1_682' title='bbox 980 2340 1013 2372; x_wconf 83' lang='lat' dir='ltr'>S.</span> <span class='ocrx_word' id='word_1_683' title='bbox 1036 2341 1074 2371; x_wconf 90' lang='lat' dir='ltr'>A.</span> <span class='ocrx_word' id='word_1_684' title='bbox 1097 2340 1116 2376; x_wconf 92' lang='lat' dir='ltr'>I,</span> <span class='ocrx_word' id='word_1_685' title='bbox 1140 2344 1199 2371; x_wconf 88' lang='grc'>392</span> <span class='ocrx_word' id='word_1_686' title='bbox 1222 2349 1250 2370; x_wconf 83' lang='grc'>11.</span> <span class='ocrx_word' id='word_1_687' title='bbox 1273 2344 1307 2370; x_wconf 91' lang='lat' dir='ltr'>te</span> <span class='ocrx_word' id='word_1_688' title='bbox 1332 2348 1363 2378; x_wconf 92' lang='lat' dir='ltr'>p.</span> <span class='ocrx_word' id='word_1_689' title='bbox 1386 2349 1431 2376; x_wconf 79' lang='lat' dir='ltr'>v.;</span> <span class='ocrx_word' id='word_1_690' title='bbox 1455 2340 1592 2378; x_wconf 92' lang='lat' dir='ltr'>denique</span> <span class='ocrx_word' id='word_1_691' title='bbox 1615 2340 1705 2370; x_wconf 89' lang='lat' dir='ltr'>inter-</span> 
     </span>
    </p>
   </div>
   <div class='ocr_carea' id='block_1_6' title="bbox 22 2400 182 2407">
    <p class='ocr_par' dir='ltr' id='par_1_6' title="bbox 22 2400 182 2407">
     <span class='ocr_line' id='line_1_55' title="bbox 22 2400 182 2407; baseline 0 313"><span class='ocrx_word' id='word_1_692' title='bbox 22 2400 182 2407; x_wconf 95' lang='lat' dir='ltr'> </span> 
     </span>
    </p>
   </div>
   <div class='ocr_carea' id='block_1_7' title="bbox 185 2403 316 2410">
    <p class='ocr_par' dir='ltr' id='par_1_7' title="bbox 185 2403 316 2410">
     <span class='ocr_line' id='line_1_56' title="bbox 185 2403 316 2410; baseline 0 0"><span class='ocrx_word' id='word_1_693' title='bbox 185 2403 316 2410; x_wconf 95' lang='lat' dir='ltr'> </span> 
     </span>
    </p>
   </div>
   <div class='ocr_carea' id='block_1_8' title="bbox 22 2427 1708 2493">
    <p class='ocr_par' dir='ltr' id='par_1_8' title="bbox 22 2427 1708 2493">
     <span class='ocr_line' id='line_1_57' title="bbox 170 2427 1708 2460; baseline 0 -8"><span class='ocrx_word' id='word_1_694' title='bbox 170 2427 191 2457; x_wconf 66' lang='lat'>*)</span> <span class='ocrx_word' id='word_1_695' title='bbox 210 2427 240 2453; x_wconf 80' lang='lat' dir='ltr'>cf.</span> <span class='ocrx_word' id='word_1_696' title='bbox 257 2428 432 2460; x_wconf 71' lang='lat' dir='ltr'>Ausgewahlte</span> <span class='ocrx_word' id='word_1_697' title='bbox 451 2428 588 2456; x_wconf 68' lang='lat' dir='ltr'>Komodien</span> <span class='ocrx_word' id='word_1_698' title='bbox 614 2430 657 2453; x_wconf 87' lang='lat' dir='ltr'>des</span> <span class='ocrx_word' id='word_1_699' title='bbox 676 2428 701 2453; x_wconf 83' lang='lat' dir='ltr'>P.</span> <span class='ocrx_word' id='word_1_700' title='bbox 720 2429 850 2454; x_wconf 84' lang='lat' dir='ltr'>Terentius</span> <span class='ocrx_word' id='word_1_701' title='bbox 869 2429 937 2458; x_wconf 79' lang='lat' dir='ltr'>Afer,</span> <span class='ocrx_word' id='word_1_702' title='bbox 962 2430 1052 2454; x_wconf 79' lang='lat' dir='ltr'>erklart</span> <span class='ocrx_word' id='word_1_703' title='bbox 1070 2437 1117 2453; x_wconf 88' lang='lat' dir='ltr'>von</span> <span class='ocrx_word' id='word_1_704' title='bbox 1143 2428 1201 2453; x_wconf 84' lang='lat' dir='ltr'>Carl</span> <span class='ocrx_word' id='word_1_705' title='bbox 1222 2429 1351 2458; x_wconf 65' lang='lat' dir='ltr'>Dzhrtzko,</span> <span class='ocrx_word' id='word_1_706' title='bbox 1374 2429 1393 2454; x_wconf 91' lang='lat'>1.</span> <span class='ocrx_word' id='word_1_707' title='bbox 1411 2428 1560 2453; x_wconf 70' lang='lat' dir='ltr'>Bandchen:</span> <span class='ocrx_word' id='word_1_708' title='bbox 1586 2429 1708 2453; x_wconf 83' lang='lat' dir='ltr'>Phormio</span> 
     </span>
     <span class='ocr_line' id='line_1_58' title="bbox 22 2456 594 2493; baseline 0.01 -13"><span class='ocrx_word' id='word_1_709' title='bbox 22 2456 104 2488; x_wconf 87' lang='lat' dir='ltr'>Leipz.</span> <span class='ocrx_word' id='word_1_710' title='bbox 127 2458 195 2488; x_wconf 76' lang='lat'>1874,</span> <span class='ocrx_word' id='word_1_711' title='bbox 213 2461 289 2491; x_wconf 78' lang='lat' dir='ltr'>praef.</span> <span class='ocrx_word' id='word_1_712' title='bbox 307 2469 331 2493; x_wconf 87' lang='lat' dir='ltr'>p.</span> <span class='ocrx_word' id='word_1_713' title='bbox 354 2462 380 2485; x_wconf 86' lang='lat'>15</span> <span class='ocrx_word' id='word_1_714' title='bbox 399 2469 452 2486; x_wconf 88' lang='lat' dir='ltr'>cum</span> <span class='ocrx_word' id='word_1_715' title='bbox 471 2462 554 2486; x_wconf 83' lang='lat' dir='ltr'>adnot.</span> <span class='ocrx_word' id='word_1_716' title='bbox 573 2462 594 2486; x_wconf 88' lang='lat'>2.</span> 
     </span>
    </p>
   </div>
   <div class='ocr_carea' id='block_1_9' title="bbox 0 2525 1715 2720">
    <p class='ocr_par' dir='ltr' id='par_1_9' title="bbox 0 2501 1715 2720">
     <span class='ocr_line' id='line_1_59' title="bbox 0 2525 1715 2720; baseline -0.002 -17"><span class='ocrx_word' id='word_1_717' title='bbox 0 2525 149 2720; x_wconf 74' lang='lat' dir='ltr'>l</span> <span class='ocrx_word' id='word_1_718' title='bbox 576 2706 578 2708; x_wconf 73' lang='grc'><strong>,</strong></span> <span class='ocrx_word' id='word_1_719' title='bbox 1713 2566 1715 2568; x_wconf 77' lang='grc'><strong>’</strong></span> 
     </span>
    </p>
   </div>
  </div>
 </body>
</html>
