1838 2720
884 81 902 106 7

51 178 235 215 plerumque
268 174 380 205 solent.
425 174 522 205 Etiam
556 174 712 212 agricolae
744 173 889 206 Germani
922 175 1163 206 observationes
1197 174 1237 205 de
1266 174 1400 205 nubibus
1434 174 1598 211 stellisque
1633 174 1730 204 tactas

47 221 145 255 atque
172 224 268 247 versu
300 215 438 247 inclusas
471 219 503 247 ut
534 216 650 247 futurae
683 216 879 254 tempestatis
913 215 1143 254 praedictiones
1176 215 1333 246 adhibent.
1389 214 1494 253 Quare
1522 213 1668 246 Servium
1702 215 1731 245 in

47 258 163 290 talibus
198 257 360 295 exemplis,
394 265 475 295 quae
508 257 538 288 in
575 257 809 295 proverbiorum
843 257 1103 289 consuetudinem
1136 260 1293 292 venerant,
1331 256 1510 288 adferendis
1544 256 1731 294 scriptorum

52 298 177 330 nomina
210 299 354 330 consulto
388 298 538 330 omisisse
566 298 710 330 dicimus.
754 297 791 329 Et
822 298 1032 330 adnotandum
1067 302 1116 329 est
1149 298 1216 328 eius
1243 298 1369 335 generis
1400 298 1482 329 dicta
1516 298 1730 335 compluribus

53 339 156 378 poetis
191 343 221 370 et
246 339 450 377 scriptoribus
478 339 595 374 deberi,
629 343 660 370 ut
686 339 795 374 Ennio,
824 339 941 375 Plauto,
969 339 1103 374 notatio,
1131 338 1285 374 Lucretio,
1313 338 1451 373 Lucano.
1476 338 1584 373 Statio,
1609 338 1730 371 Persio,

53 380 180 419 plurima
205 384 308 411 autern
330 379 478 411 Terentio
502 378 711 418 Ciceronique
734 380 852 411 deberi.
896 380 986 418 Quae
1014 388 1064 411 res
1093 388 1132 410 eo
1159 380 1247 410 facile
1277 380 1453 417 explicatur,
1482 380 1568 417 quod
1593 379 1730 410 Terentii

49 421 282 459 Ciceronisque
319 421 456 452 omniurn
495 420 621 451 omnino
658 421 784 459 plurima
824 422 908 459 apud
946 420 1089 453 Servium
1127 421 1285 458 utriusque
1322 421 1569 452 amantissimum
1608 425 1731 452 exstant

53 463 206 500 exempla.
242 462 347 499 Atque
370 470 463 499 quam
487 465 560 492 nota
583 466 613 492 et
635 462 715 493 lecta
736 463 892 499 quaedam
908 462 1072 493 Ciceronis
1096 470 1191 499 opera
1215 463 1304 492 etiam
1322 461 1424 493 Servii
1446 466 1589 499 tempore
1612 462 1730 493 tuerint.

53 504 131 535 haec
155 503 222 534 eius
246 503 381 534 indicant
402 502 509 538 verba,
532 511 614 540 quae
637 503 676 533 ad
699 503 738 533 A.
761 502 779 537 l,
804 507 863 534 258
886 503 969 534 iacit:
996 507 1044 538 „ut
1066 503 1092 533 si
1116 503 1205 533 dicas
1232 503 1309 540 “legi
1333 503 1504 533 oratorem*
1532 511 1591 533 nec
1618 503 1730 536 addas,

50 554 157 584 quem,
185 544 331 583 intellego
358 542 577 576 Ciceronem“.
626 542 684 575 Cui
716 544 789 575 loco
819 545 893 576 alter
925 548 973 576 est
1003 544 1231 582 adiungendus,
1265 544 1316 582 qui
1350 549 1497 582 quantum
1527 544 1732 582 praevaluerit

49 587 136 625 apud
160 586 303 618 Servium
320 585 485 618 Ciceronis
507 586 683 621 auctoritas,
708 586 898 618 documento
921 587 973 618 sit:
998 585 1073 617 Buc.
1092 586 1127 621 V,
1151 590 1198 617 36.
1234 585 1292 617 Ubi
1309 585 1440 617 Servius
1464 586 1542 617 haec
1567 586 1731 624 praecipit:

57 628 210 659 “Grandia
231 627 350 659 hordea
371 627 552 665 usurpative
575 628 661 658 metri
689 636 786 659 causa
813 628 900 659 dixit:
928 637 997 658 nam
1023 628 1198 661 “triticum“.
1225 628 1422 662 “hordeum“.
1450 628 1604 663 “vinum“‚
1631 629 1727 658 ‘mel‘

54 669 169 700 numeri
196 672 311 700 tantum
342 668 507 706 singularis
540 672 621 703 sunt,
655 669 738 699 unde
771 669 875 706 plurali
909 669 937 699 in
972 677 1065 706 prosa
1093 669 1132 699 uti
1160 678 1220 699 non
1252 677 1439 706 possumus;
1466 669 1585 699 ‘vina“
1611 673 1732 699 tamen

55 718 256 749 possumus
283 710 411 741 dicere
438 708 642 744 Ciceronis
674 710 855 748 exemplo,
887 710 938 747 qui
968 710 1008 741 ait
1035 710 1062 740 in
1092 714 1244 748 praetura:
1272 710 1359 740 ‘vina
1387 714 1565 748 ceteraque,
1593 719 1675 748 quae
1705 710 1732 740 i11

54 752 131 783 Asia
154 751 242 782 facile
267 751 530 789 comparantur“.“
578 750 648 781 Non
673 751 755 789 paria
778 752 840 782 iura
864 750 980 782 Ovidio
1009 752 1178 786 concessit,
1206 760 1275 782 curn
1300 752 1339 782 de
1367 752 1457 783 simili
1485 756 1669 789 argumento
1692 752 1731 782 ad

56 792 94 823 G.
116 792 147 825 ΙΙ,
172 797 188 822 7
212 792 251 822 ita
275 795 460 829 exponeret:
486 792 639 822 “mustum
662 801 790 823 numero
811 796 926 822 tantum
946 793 1090 829 singulari
1107 792 1248 826 dicimus,
1272 793 1352 822 sicut
1368 793 1482 826 vinum,
1506 793 1578 823 licet
1595 792 1732 823 Ovidius

54 833 213 864 abusive
235 832 344 863 dixerit
366 833 497 863 musta“.
526 850 556 852 —
584 832 679 870 Quod
697 833 736 864 de
761 833 796 864 iis
813 833 901 868 locis,
925 833 976 871 qui
1000 832 1145 860 ἁδεσπιηω
1175 850 1201 852 -
1228 834 1267 863 sit
1289 833 1380 863 venia
1403 834 1502 863 verbo
1532 851 1560 852 j
1588 838 1659 863 sunt
1682 839 1732 863 aut

56 874 197 905 videntur
225 881 310 909 esse,
338 873 482 909 disserui,
509 873 592 904 idem
619 874 702 905 valet
730 874 769 905 de
797 874 950 912 exemplis
979 882 1017 905 ex
1041 873 1163 904 Homeri
1193 874 1378 905 carminibus
1405 874 1513 905 allatis.
1560 874 1636 905 Nam
1661 883 1731 905 cuin

56 916 273 952 imperatorum
295 918 397 945 aetate
420 914 545 945 Homeri
569 915 702 946 carmina
730 915 889 953 popularia
911 915 1111 952 vulgariaque'
1140 920 1248 945 essent
1276 920 1304 945 et
1331 916 1370 945 ab
1397 915 1575 946 hominibus
1604 916 1731 946 eruditis

56 956 268 990 lectitaremus,
302 955 441 993 permulti
475 956 586 993 singuli
621 964 727 987 eorum
754 964 867 988 versus
902 960 931 987 et
962 965 980 987 a
1014 956 1116 994 pueris
1152 962 1224 986 eta
1252 956 1323 986 viris
1360 957 1508 987 memoria
1539 957 1731 989 tenebantur.

57 997 204 1035 imprimis
228 997 245 1027 ii
268 1005 392 1032 versus,
415 997 467 1035 qui
491 996 639 1028 Romanis
663 998 691 1028 in
715 998 881 1035 proverbio
905 1001 997 1028 erant.
1041 997 1144 1034 ltaque
1169 998 1241 1028 ratio
1266 998 1321 1031 illa.
1345 1006 1406 1035 qua
1430 998 1628 1035 interpolator
1652 1006 1730 1029 usus

58 1046 157 1075 saepe
190 1042 253 1069 tres
284 1039 336 1069 vel
369 1042 512 1075 quattuor
543 1038 668 1069 Homeri
701 1047 813 1070 versus
850 1039 976 1073 addidit,
1010 1047 1026 1068 a
1060 1038 1171 1069 Servio
1206 1039 1294 1075 plane
1328 1039 1534 1069 abiudicanda
1568 1043 1625 1071 est.
1661 1048 1731 1069 cum

57 1079 223 1117 praecipua
250 1078 405 1116 quaedam
432 1082 525 1117 atque
554 1079 680 1117 egregia
707 1080 803 1110 verba
830 1080 929 1110 obiter
961 1083 1074 1110 tantum
1102 1079 1244 1116 tetigisse
1273 1078 1386 1110 Servio
1413 1080 1490 1110 satis
1519 1080 1614 1113 fuerit.
1650 1080 1732 1110 unde

49 1129 134 1158 quae
168 1120 243 1151 inter
276 1119 421 1152 Servium
459 1124 488 1152 et
521 1120 688 1152 Homerum
725 1121 891 1152 similitudo
925 1121 1129 1152 intercederet
1162 1125 1418 1158 cognosceretur.
1473 1121 1514 1151 At
1548 1121 1732 1159 posterioris

54 1162 201 1199 imprimis
229 1162 352 1192 mediae
381 1166 411 1193 et
437 1162 559 1193 intimae
593 1163 701 1193 aetatis
729 1162 872 1193 homines
906 1163 1001 1193 rudes
1034 1162 1205 1197 litterarum,
1240 1163 1291 1199 qui
1320 1162 1443 1193 l‘lorneri
1477 1167 1571 1200 atque
1605 1163 1732 1193 omnino

55 1202 246 1232 Graecorum
270 1206 431 1239 poetarum
454 1203 589 1233 carmina
611 1202 691 1234 haud
715 1203 754 1233 ita
777 1203 1004 1240 intellegebant,
1033 1211 1103 1233 cum
1130 1203 1232 1233 studia
1255 1203 1376 1233 Graeca
1404 1204 1456 1233 diu
1483 1204 1664 1235 iacuissem.
1694 1212 1732 1233 ex

54 1243 178 1274 Homeri
201 1242 359 1274 Theocriti
381 1243 508 1274 aliorum
532 1244 615 1275 libris
640 1244 750 1282 plenos
774 1252 887 1275 versus
912 1244 1088 1281 exscriptos
1111 1244 1139 1273 in
1163 1243 1263 1274 Servii
1291 1244 1534 1274 commentarios
1562 1244 1732 1274 intulerunt.

202 1284 309 1316 Liceat
324 1284 396 1316 mihi
412 1285 680 1323 quaestiunculam
696 1286 841 1317 minutam
859 1295 897 1317 ex
914 1285 1021 1317 ordine
1038 1285 1086 1316 hic
1103 1285 1249 1318 inserere.
1267 1294 1358 1323 quam
1376 1290 1406 1316 ut
1423 1285 1613 1317 instituerem
1630 1285 1732 1318 Thilo,

53 1326 99 1355 vir
116 1326 322 1357 doctissimus
347 1331 377 1357 et
399 1327 439 1357 de
463 1335 513 1357 me
537 1327 653 1364 optime
676 1328 812 1362 meritus,
836 1327 971 1358 hortatus
995 1332 1052 1357 est.
1087 1326 1163 1357 Nam
1188 1336 1257 1357 cuin
1281 1327 1410 1364 saepius
1428 1326 1572 1357 Servium
1596 1328 1731 1358 tractanti

53 1366 113 1396 sibi
140 1366 301 1397 accidisse
333 1375 389 1404 per
414 1367 528 1398 litteras
556 1375 678 1398 mecum
707 1368 982 1402 communicasset,
1011 1371 1041 1397 ut
1067 1367 1251 1404 scriptorum
1275 1368 1371 1397 verba
1393 1376 1411 1397 a
1434 1367 1547 1398 Servio
1570 1368 1671 1398 adlata
1694 1369 1733 1398 ab

53 1407 136 1438 omni
168 1408 315 1439 codicum
347 1408 482 1439 lectione
510 1408 690 1446 discrepare
717 1409 984 1443 animadverteret,
1016 1413 1046 1439 ut
1077 1409 1146 1446 ipse
1174 1409 1213 1439 de
1247 1417 1283 1439 ea
1316 1417 1346 1439 re
1374 1409 1567 1446 anquirerent
1597 1409 1733 1445 benigne

52 1449 177 1483 monuit,
205 1449 232 1480 si
259 1450 336 1480 forte
360 1449 504 1480 Servium
531 1450 624 1480 multa
656 1451 840 1487 scriptorum
874 1450 1050 1481 testimonia
1078 1458 1117 1480 ex
1144 1451 1291 1480 memoria
1320 1450 1471 1487 posuisse
1506 1450 1578 1481 inde
1607 1451 1733 1481 efficere

51 1497 194 1526 possem.
238 1489 279 1520 At
305 1490 336 1520 id
359 1490 445 1527 quod
469 1491 514 1520 vir
536 1491 584 1520 ille
612 1491 793 1521 carissimus
816 1491 913 1521 voluit
937 1491 1092 1527 iniquitate
1120 1494 1293 1527 temporum
1322 1491 1423 1520 iacere
1454 1491 1625 1527 prohibitus
1650 1500 1732 1521 sum.

51 1528 148 1561 Etiam
174 1539 254 1562 nunc
277 1530 377 1562 solius
400 1530 536 1562 Terentii
564 1531 745 1562 memoriam
774 1535 802 1562 et
824 1540 842 1562 a
865 1530 977 1563 Servio
1006 1535 1035 1562 et
1061 1531 1100 1562 ab
1124 1531 1339 1568 interpolatore
1367 1536 1524 1562 servatam
1552 1540 1622 1562 cum
1648 1532 1734 1562 varia

50 1572 185 1604 lectione
212 1573 359 1605 codicum
386 1572 642 1605 Terentianorum
670 1582 850 1612 comparare
879 1574 973 1612 potui.
1017 1574 1120 1611 Atque
1149 1582 1211 1604 rem
1245 1573 1282 1604 ita
1313 1573 1446 1607 absolvi.
1476 1577 1506 1605 ut
1533 1574 1666 1605 conlatis
1696 1574 1734 1605 iis

50 1614 139 1648 locis,
168 1615 220 1651 qui
247 1623 318 1645 cum
342 1614 599 1652 Umpfenbaeh11)
627 1616 760 1646 lectione
788 1624 917 1653 prorsus
945 1615 1151 1647 consentiunt.
1184 1615 1319 1652 reliquos
1349 1620 1377 1646 et
1405 1624 1475 1646 cum
1501 1615 1735 1653 Umpienbachi

52 1655 240 1686 recensione
265 1659 294 1686 et
317 1664 389 1686 cum
411 1656 557 1687 codicum
580 1656 713 1687 lectione
737 1657 829 1691 varia,
853 1665 945 1693 quam
969 1657 1016 1686 ille
1041 1656 1185 1689 enotavit,
1209 1664 1433 1693 compararem.
1479 1656 1539 1686 lam
1562 1663 1735 1693 sequuntur

50 1695 112 1733 ipsi
135 1696 275 1727 locorum
298 1696 432 1728 indices.

695 1739 733 1769 A.
756 1738 857 1770 Servii
880 1739 940 1769 loci
963 1739 1097 1776 genuini.

198 1786 218 1816 Ι.
242 1786 466 1818 Enumerantur
488 1788 506 1818 ii
529 1788 600 1823 loci,
624 1789 676 1826 qui
699 1797 770 1819 curn
793 1787 1020 1826 Umptenbachi
1044 1787 1229 1819 recensione
1253 1787 1305 1817 toti
1329 1788 1537 1818 consentiunt.

198 1827 352 1858 Andria:
375 1827 455 1859 Ptol.
479 1833 518 1859 27
544 1843 579 1853 =
604 1828 638 1861 S.
659 1829 698 1860 A.
722 1829 752 1865 ΙΙ,
777 1834 849 1865 357;
873 1829 891 1865 Ι,
919 1835 942 1864 1,
967 1833 1005 1860 28
1029 1843 1064 1852 =
1088 1828 1122 1860 S.
1145 1829 1183 1858 A.
1207 1828 1225 1862 Ι,
1254 1828 1364 1863 181;l,
1393 1834 1416 1863 1,
1441 1833 1489 1859 55.
1514 1834 1552 1860 56
1577 1843 1611 1852 =
1638 1829 1671 1860 S.
1695 1830 1734 1860 A.

50 1866 111 1902 Xll,
135 1871 208 1903 296;
231 1867 250 1902 Ι,
278 1874 302 1903 1,
327 1873 375 1900 58.
399 1874 438 1900 59
462 1883 498 1893 =
523 1869 557 1901 S.
574 1871 613 1901 A.
636 1870 667 1906 ll,
695 1876 723 1906 1;
747 1871 766 1906 Ι,
794 1876 817 1906 1,
841 1875 889 1901 72.
913 1875 951 1901 73
975 1884 1010 1894 =
1036 1869 1068 1901 S.
1090 1870 1128 1900 A.
1146 1869 1206 1903 VII,
1230 1873 1301 1904 268:
1326 1869 1343 1903 l,
1372 1875 1394 1904 1,
1424 1874 1479 1900 112
1504 1883 1539 1893 =
1565 1869 1598 1901 S.
1621 1871 1659 1900 A.
1683 1870 1733 1904 Ν,

50 1912 124 1944 335;
147 1908 166 1944 Ι,
187 1913 297 1944 l,l37.
319 1914 374 1941 138
398 1923 435 1934 =
459 1910 493 1942 S.
515 1911 555 1942 A.
578 1911 597 1947 Ι,
625 1916 695 1948 135;
717 1911 737 1948 Ι,
765 1917 788 1948 1,
816 1916 881 1943 142.
909 1916 963 1943 143
988 1925 1023 1935 =
1048 1910 1081 1943 S.
1098 1910 1135 1942 G.
1159 1910 1207 1944 lV.
1232 1914 1303 1946 2123
1327 1910 1345 1944 Ι,
1370 1915 1397 1945 5,
1420 1916 1458 1941 47
1484 1924 1520 1934 =
1545 1910 1578 1942 S.
1594 1911 1634 1942 A.
1652 1911 1726 1944 Vlll.

49 1949 145 1986 8421,
169 1954 196 1985 5,
221 1955 260 1982 59
284 1965 320 1974 --
345 1950 379 1983 S.
401 1952 440 1983 A.
464 1952 513 1989 IV,
537 1957 611 1989 31&
638 1953 669 1989 ΙΙ,
693 1957 720 1988 2,
744 1957 763 1984 2
787 1967 822 1977 =
847 1952 880 1985 S.
902 1953 941 1984 A.
965 1953 983 1989 Ι,
1008 1957 1079 1988 72ο;
1103 1952 1133 1987 ΙΙ,
1157 1958 1184 1987 4,
1209 1956 1225 1983 3
1252 1965 1286 1975 =
1311 1951 1343 1983 S.
1367 1952 1405 1982 A.
1429 1951 1466 1987 V,
1490 1956 1559 1983 613.
1588 1952 1636 1987 xl,
1661 1958 1734 1988 545;

50 1990 81 2025 ΙΙ,
105 1996 132 2026 5,
160 1996 195 2022 18
220 2005 255 2015 ==
279 1991 312 2024 S.
337 1993 374 2024 A.
397 1993 429 2029 ll,
456 1998 502 2025 12.
525 1993 564 2025 G.
587 1994 636 2030 IV,
664 1999 734 2031 1273
763 1994 806 2031 ΙΙΙ,
834 2000 857 2030 1,
885 2000 919 2026 15
944 2008 979 2018 =
1004 1994 1037 2025 S.
1060 1995 1098 2025 A.
1121 1994 1140 2028 l.
1164 1998 1191 2024 8.
1215 1998 1284 2024 601.
1307 1993 1355 2027 ΧΙ,
1384 1997 1453 2024 532.
1483 1993 1518 2024 Β.
1542 1992 1585 2029 lV,
1614 1999 1663 2029 1o;
1692 1994 1734 2027 ill.

51 2036 80 2068 3,
107 2037 117 2063 1
147 2045 183 2055 =
207 2031 241 2064 S.
256 2033 296 2065 A.
312 2033 343 2070 ΙΙ,
367 2039 400 2072 3;
423 2034 484 2071 XII,
508 2039 581 2072 584;
605 2035 648 2072 III,
672 2040 700 2072 3,
724 2040 763 2067 23
788 2049 823 2059 =
848 2035 881 2068 S.
899 2035 975 2067 Bue.
991 2035 1022 2071 ΙΙ,
1050 2041 1098 2072 14;
1121 2034 1163 2071 ΙΙΙ,
1187 2039 1214 2070 3,
1238 2040 1276 2065 44
1302 2047 1337 2057 =
1361 2033 1394 2065 S.
1411 2034 1449 2065 A.
1467 2034 1497 2067 ll.
1521 2035 1640 2070 60;.lll,
1666 2041 1692 2068 5.
1717 2042 1735 2066 4

53 2087 89 2097 =
114 2072 147 2105 S.
164 2074 203 2105 A.
226 2074 276 2111 IX,
299 2080 373 2113 230;
402 2077 453 2112 (ct.
476 2076 538 2113 XII,
562 2079 649 2114 352);
671 2077 714 2113 ΙΙΙ,
738 2083 766 2114 5,
793 2083 828 2109 15
853 2092 889 2102 =
913 2077 946 2110 S.
966 2078 1005 2109 A.
1028 2077 1046 2113 l,
1071 2082 1143 2113 519;
1167 2076 1215 2112 IV,
1239 2080 1266 2111 2,
1292 2080 1336 2107 13.
1361 2082 1395 2107 14
1419 2090 1455 2100 =
1480 2076 1514 2108 S.
1534 2077 1573 2108 A.
1597 2076 1640 2112 ΙΙΙ,
1664 2082 1734 2109 493.

51 2114 88 2150 V,
115 2119 164 2146 80.
188 2114 237 2151 XI,
265 2120 319 2153 973
346 2117 384 2154 V,
412 2122 440 2154 2,
472 2123 507 2155 16
536 2131 572 2142 ετ
599 2118 633 2150 S.
656 2119 695 2149 A.
718 2118 756 2154 X,
784 2123 853 2150 612.
885 2119 924 2151 G.
946 2119 989 2154 111,
1018 2123 1069 2154 37;
1098 2118 1134 2153 V,
1163 2122 1189 2152 2,
1219 2122 1256 2148 27
1283 2131 1317 2140 =
1341 2117 1375 2148 S.
1398 2118 1437 2148 A.
1461 2118 1511 2153 Vl,
1544 2123 1617 2154 544;
1646 2119 1682 2153 V,
1706 2125 1734 2153 4,

49 2160 90 2187 30
114 2169 149 2179 a
173 2155 207 2188 S.
229 2156 269 2188 A.
292 2157 353 2194 XII,
377 2163 447 2190 618.
476 2176 507 2179 —
532 2158 747 2191 Eunuchus:
770 2159 852 2191 Prol.
875 2164 914 2191 32
939 2174 974 2184 =
999 2159 1030 2191 S.
1053 2160 1091 2190 A.
1115 2159 1151 2194 V,
1178 2163 1246 2194 122;
1275 2158 1293 2193 1,
1322 2164 1344 2193 l,
1373 2164 1381 2189 1
1412 2172 1448 2181 =
1474 2158 1507 2190 S.
1530 2160 1569 2190 A.
1592 2159 1641 2192 IV.
1666 2164 1735 2190 537.

49 2196 88 2232 X,
115 2202 188 2234 778;
217 2197 237 2233 I,
264 2203 288 2234 l,
312 2203 330 2230 3
354 2213 391 2223 =
414 2199 448 2232 S.
470 2200 510 2231 A.
533 2199 564 2236 ΙΙ,
592 2205 658 2232 155.
686 2199 763 2232 Buc.
785 2200 829 2236 III,
857 2205 927 2237 106;
954 2201 973 2236 I,
1001 2205 1029 2236 2,
1053 2205 1091 2231 25
1116 2214 1151 2223 =
1176 2199 1209 2231 S.
1231 2199 1269 2230 Α.
1293 2199 1311 2234 Ι,
1340 2204 1399 2230 215
1427 2200 1479 2235 (CI.
1502 2200 1574 2231 adn.
1597 2201 1660 2232 crit.
1685 2201 1735 2232 ed.

49 2236 128 2269 Thil.
151 2238 171 2274 1,
195 2247 225 2277 p.
248 2241 314 2276 83);
337 2246 411 2278 460;
434 2241 453 2277 I,
477 2245 505 2277 2,
532 2246 588 2273 124
612 2255 649 2265 =
673 2240 706 2273 S.
722 2242 761 2273 A.
778 2241 797 2278 l,
821 2246 895 2279 567;
917 2242 967 2278 IV,
990 2246 1039 2274 96.
1056 2241 1116 2276 Vll,
1140 2245 1209 2272 427.
1232 2245 1300 2272 629.
1324 2240 1363 2272 G.
1387 2240 1405 2276 l,
1430 2245 1504 2277 2872
1528 2241 1558 2276 11,
1583 2246 1610 2277 2,
1635 2247 1672 2273 57
1698 2255 1733 2265 =

49 2278 83 2310 S.
105 2279 145 2310 A.
168 2279 187 2316 Ι,
210 2284 284 2317 669;
306 2281 337 2318 11,
361 2286 389 2318 3,
413 2287 452 2315 30
475 2296 511 2306 =
534 2282 568 2314 S.
593 2281 628 2313 Β.
651 2282 682 2319 ΙΙ,
710 2288 734 2319 1;
757 2283 788 2318 ΙΙ,
813 2287 840 2319 3,
865 2288 903 2315 57
928 2297 964 2307 --
988 2283 1022 2315 S.
1044 2283 1083 2314 A.
1107 2282 1155 2317 Vl,
1179 2286 1252 2317 21&
1279 2282 1321 2317 ΙΙΙ,
1350 2287 1374 2318 1,
1402 2287 1447 2314 10.
1476 2288 1506 2314 11
1535 2297 1571 2306 =
1595 2282 1629 2315 S.
1652 2283 1691 2314 A.
1716 2283 1734 2318 1,

48 2322 102 2356 35;
125 2319 168 2356 Ill,
195 2326 219 2358 l,
243 2325 282 2353 23
305 2335 342 2347 ==
365 2322 399 2355 S.
423 2323 461 2355 G.
483 2323 503 2360 1,
527 2328 580 2360 57;
603 2323 646 2360 III,
674 2329 698 2360 1,
723 2328 772 2356 58.
795 2328 835 2356 59
859 2337 895 2348 =
919 2323 953 2356 S.
976 2324 1015 2355 A.
1031 2324 1080 2360 lV,
1109 2329 1118 2354 1
1146 2324 1197 2358 (ci.
1214 2323 1285 2354 adn.
1303 2324 1367 2354 crit.
1385 2324 1435 2355 ed.
1452 2323 1531 2355 Thil.
1548 2324 1567 2359 l,
1592 2333 1622 2361 p.
1646 2326 1734 2359 460):

49 2358 93 2395 ΠΙ,
116 2365 143 2397 2,
172 2367 207 2394 18
228 2374 269 2386 =
291 2363 325 2396 S.
347 2365 386 2396 A.
409 2364 428 2401 1,
452 2370 526 2402 6473
548 2365 592 2401 ΙΙΙ,
616 2370 644 2401 5,
668 2370 707 2397 56
729 2376 770 2388 =
792 2364 825 2397 S.
848 2365 887 2397 A.
911 2365 960 2402 lv,
987 2370 1057 2401 166:
1080 2365 1130 2400 lv,
1154 2369 1181 2400 2,
1209 2370 1218 2396 1
1246 2376 1286 2387 ζ
1309 2364 1342 2397 S.
1365 2365 1404 2396 A.
1428 2365 1490 2400 Vll.
1514 2370 1567 2402 30;
1590 2365 1640 2400 lv,
1666 2370 1693 2400 5,
1717 2371 1735 2397 6

196 2442 216 2474 1)
234 2442 260 2469 Ρ.
277 2444 378 2470 Terenti
395 2446 547 2475 comoediae,
566 2446 640 2471 edidit
657 2448 681 2470 et
698 2449 818 2478 apparatu
836 2446 920 2471 critico
939 2446 1051 2470 instruxit
1069 2445 1213 2470 Franz-,iscus
1232 2445 1408 2477 Umpienbach,
1427 2445 1537 2470 Berolini
1559 2446 1628 2470 1870.
